4380 5404
1144 583 1188 652 86

470 760 642 826 triaverunt
652 777 683 827 et
700 762 822 828 Ultonii
832 762 862 826 N
864 787 914 827 aas
924 762 1019 826 venit,
1064 761 1178 826 Nuntii
1190 762 1357 828 mittuntur
1368 764 1408 828 ad
1425 787 1530 853 regem
1543 765 1581 830 de
1594 780 1674 830 statu
1687 765 1858 831 Hiberniae.

469 866 609 953 Rogerus
625 867 784 932 Mortimir
798 884 829 933 et
843 882 1002 954 magnates
1025 867 1201 933 consultant
1216 867 1255 934 ad
1271 867 1421 956 Kilkeny‚
1445 869 1523 956 quid
1537 887 1665 958 agerent
1679 895 1752 960 erge
1766 870 1858 948 Erus,

468 973 547 1036 nihil
563 997 636 1038 vero
650 975 842 1040 conclusum.
888 973 997 1040 Mense
1012 989 1081 1060 post
1097 974 1217 1061 paschae
1233 974 1320 1039 venit
1335 975 1415 1040 Brus
1430 974 1470 1040 ad
1484 1000 1505 1058 4
1520 975 1622 1042 leneas
1634 1001 1730 1064 prope
1742 977 1856 1052 Trimr,

466 1077 573 1163 ibique
593 1079 625 1143 in
647 1081 725 1146 silve
747 1081 880 1165 quedam
902 1097 1000 1146 cestra
1022 1093 1154 1145 metatus
1177 1095 1231 1155 est,
1255 1081 1361 1166 ibique
1386 1105 1413 1167 7.
1429 1081 1496 1147 dies
1512 1098 1647 1148 moratus
1662 1099 1708 1148 est
1723 1084 1763 1148 ad
1784 1107 1856 1148 suos

468 1185 658 1263 reficiendos,
683 1187 739 1272 qui
750 1187 832 1252 lame
852 1201 885 1252 et
899 1187 1004 1252 labore
1020 1187 1083 1252 fere
1098 1187 1266 1274 perierunt,
1282 1187 1437 1272 multique
1452 1187 1496 1253 ibi
1512 1189 1627 1253 mortui
1642 1188 1751 1255 relicti.
1796 1189 1858 1254 Die

468 1291 620 1379 Phillippi
633 1307 665 1357 et
676 1293 767 1358 Pauli
777 1317 883 1358 versus
895 1293 1064 1359 Ultoniam¹
1075 1285 1247 1358 contendit.
1287 1292 1385 1357 Paulo
1398 1293 1563 1380 postvenit
1575 1295 1857 1361 Mortimeruscunt

467 1399 488 1462 J
490 1397 612 1464 chenne
628 1399 743 1488 Vogan
759 1399 945 1475 Dublinum‚
965 1423 1037 1464 cum
1053 1399 1192 1464 Fulcone
1215 1399 1267 1462 fitz
1289 1398 1435 1464 Warinim
1456 1414 1487 1466 et
1500 1424 1540 1487 30
1561 1401 1718 1486 equitibus
1734 1401 1857 1477 auratis,

467 1504 629 1590 tenuitque
645 1505 883 1591 parliamentum
899 1505 982 1592 apud
1000 1504 1191 1568 Kilmeniam
1207 1527 1278 1568 curn
1294 1504 1439 1569 omnibus
1450 1505 1657 1593 magnatibus,
1681 1507 1736 1572 ubi
1752 1519 1856 1572 ectum

467 1610 505 1674 de
517 1609 703 1676 liberecione
715 1611 837 1677 comitis
848 1611 993 1686 Ultonioe‚
1006 1610 1086 1674 nihil
1098 1610 1278 1675 conclusum
1289 1625 1345 1675 est.
1390 1612 1509 1676 Itenrm
1519 1611 1679 1676 Dubliniae
1691 1612 1858 1678 commitiis

466 1714 589 1793 habitis,
605 1717 659 1782 ubi
674 1716 824 1783 liberetur
838 1718 944 1782 subter
957 1715 1166 1802 fidejussione,
1194 1715 1274 1781 detis
1289 1715 1449 1782 obsidibus
1464 1733 1496 1783 et
1511 1733 1709 1795 sacramento,
1733 1743 1765 1784 se
1779 1718 1858 1783 civi-

465 1822 524 1885 bus
540 1821 662 1886 Dublin
676 1821 756 1886 nihil
770 1821 844 1888 mali
860 1823 1028 1898 illaturum,
1051 1822 1250 1887 constituitur
1269 1822 1357 1898 dies⁰‚
1373 1822 1426 1887 ille
1442 1837 1545 1889 autem
1566 1824 1606 1890 ad
1625 1823 1709 1889 diem
1728 1823 1858 1890 minime
1960 1841 1966 1856 ·

466 1927 568 1992 rediit.
613 1929 777 1994 Frumenti
792 1952 906 2016 magne
921 1929 1039 2004 caritas,
1060 1952 1208 1994 oranocus
1228 1928 1353 1994 valebat
1374 1939 1457 2010 24⁸.0
1473 1953 1578 1994 evenae
1602 1935 1664 1995 16³.
1680 1930 1790 1994 vinum
1807 1934 1857 1996 ad.

467 2033 610 2098 universe
628 2034 711 2099 enim
732 2034 819 2122 regio
839 2035 1029 2100 devastatae
1047 2033 1147 2100 Scotis
1162 2049 1193 2099 et
1209 2033 1363 2111 Ultoniis;
1386 2033 1478 2100 multi
1494 2059 1536 2100 ex
1551 2035 1703 2101 divitibus
1722 2036 1858 2102 mendici

466 2139 590 2217 fiebant,
606 2140 698 2204 multi
713 2140 793 2206 same
808 2140 975 2228 perierunt,
992 2139 1110 2228 ingruit
1125 2141 1219 2206 etiem
1234 2139 1329 2227 pestis
1340 2141 1495 2216 terribilis,
1512 2165 1581 2228 quae
1596 2141 1710 2206 multos
1724 2143 1857 2207 sustulit.

466 2245 667 2312 Mortimerus
681 2247 761 2312 Just.
775 2247 813 2312 ad
829 2261 1028 2334 pentecosten
1044 2246 1217 2334 Droghode
1231 2270 1263 2311 se
1285 2246 1429 2322 contulit,
1452 2247 1526 2312 inde
1542 2247 1641 2325 Tn'm,
1664 2263 1755 2314 vocat
1770 2249 1855 2314 adse

465 2375 521 2438 per
535 2352 652 2418 litteras
668 2351 778 2418 Laeios
793 2353 847 2439 qui
862 2352 970 2418 venire
992 2355 1185 2426 recusabant,
1213 2352 1253 2416 ed
1276 2377 1353 2438 quos
1376 2352 1489 2418 deinde
1513 2353 1623 2418 missus
1645 2369 1691 2419 est
1712 2355 1857 2420 dominus

466 2457 564 2545 Hugo
583 2459 622 2522 de
643 2458 767 2523 Oustess
786 2482 889 2542 equee
909 2473 946 2522 ut
959 2457 999 2522 de
1019 2482 1095 2544 pace
1114 2481 1187 2524 cum
1206 2457 1245 2522 iis
1264 2471 1378 2546 ageret,
1399 2458 1453 2545 qui
1473 2460 1512 2524 ab
1531 2458 1648 2524 eisdem
1668 2459 1786 2525 occisus
1801 2477 1855 2526 est.

466 2562 597 2650 Colligit
612 2563 709 2650 igitur
724 2562 937 2629 Mortimerius
952 2563 1135 2641 exercitum,
1159 2587 1274 2650 eosque
1289 2563 1379 2629 bonis
1394 2579 1425 2628 et
1445 2588 1555 2651 pecore
1575 2565 1729 2652 spoliavit,
1749 2590 1856 2631 eorum

464 2669 603 2734 subditos
616 2669 821 2756 quamplures
834 2669 957 2747 occidit,
973 2693 1087 2755 eosque
1103 2669 1137 2734 in
1149 2669 1339 2735 Conuacicm
1352 2670 1490 2758 fugavit3
1507 2670 1623 2736 dicitur
1638 2690 1742 2736 autem
1758 2671 1856 2738 Gual·

463 2789 564 2840 terum
580 2775 711 2840 Lacium
726 2775 759 2840 in
774 2775 936 2842 Ultoniam
951 2776 1132 2864 perrexisse,
1148 2789 1184 2841 ut
1198 2789 1318 2864 peteret
1333 2775 1518 2842 auxiliuma
1533 2775 1622 2841 Brus.
1666 2777 1722 2842 Ad
1741 2778 1855 2842 nativi-

1758 2897 1853 2949 tatem

464 3044 540 3081 come
552 3043 616 3081 over
628 3027 693 3080 with
709 3026 859 3080 Mortimer.
1184 3026 1330 3080 Pinherton
1338 3043 1398 3097 may
1408 3025 1467 3080 well
1477 3043 1521 3097 say
1531 3026 1591 3080 that
1598 3026 1644 3080 the
1651 3029 1734 3098 poet'r
1742 3045 1855 3100 geogra-

499 3119 511 3150 ι
531 3119 612 3172 stim.
623 3117 781 3171 -Pennies
805 3116 838 3171 of
860 3117 1013 3170 Alexander
1037 3115 1090 3170 ΙΙΙ.
1110 3116 1142 3169 of
1180 3116 1234 3188 phy
1242 3117 1275 3170 ol
1287 3117 1393 3170 lreland
1405 3117 1427 3170 is
1437 3134 1499 3187 very
1508 3116 1656 3187 imperfect.
1696 3117 1749 3172 For
1761 3119 1854 3190 lereby

465 3209 592 3264 Scotlaud
604 3209 680 3271 bave,
695 3216 743 3262 not
757 3207 955 3279 unfrequently,
967 3207 1033 3260 been
1042 3208 1138 3279 picked
1180 3225 1253 3262 some
1277 3207 1389 3262 editions
1407 3207 1474 3260 have
1495 3207 1586 3278 Tyrel,
1610 3208 1807 3280 (Tyrrellspass
1826 3211 1854 3264 in

463 3319 499 3371 up
511 3301 538 3353 in
551 3299 596 3352 the
608 3299 830 3370 neighbourhood
839 3299 871 3351 of
882 3298 968 3360 Trim,
981 3297 1068 3351 which
1078 3315 1138 3368 may
1185 3297 1351 3351 Westrneath
1359 3301 1385 3366 t)
1424 3297 1548 3350 Barbour
1560 3298 1695 3351 considers
1705 3299 1757 3353 this
1776 3318 1854 3372 expe·

462 3391 528 3444 have
541 3391 606 3444 been
618 3389 737 3461 brought
751 3389 828 3443 there
841 3389 875 3459 by
889 3389 998 3442 Bruce's
1010 3388 1130 3442 soldiers.
1175 3388 1259 3441 dition
1271 3405 1300 3441 as
1312 3387 1503 3458 atriumpbant
1515 3389 1607 3441 march
1615 3389 1733 3460 through
1747 3389 1782 3442 all
1800 3392 1854 3444 Ire·

496 3482 501 3512 ¹
517 3482 609 3535 Versus
628 3479 925 3536 Ultonium.-Bruce's
943 3487 1045 3532 retreat
1061 3478 1132 3531 from
1176 3479 1247 3540 land,
1260 3479 1312 3532 end
1325 3496 1383 3549 says
1395 3478 1455 3532 that
1469 3477 1538 3532 lrisb
1559 3478 1636 3549 hings
1655 3497 1730 3534 cante
1750 3491 1778 3534 to
1797 3481 1853 3535 him

467 3572 600 3625 Limes-inlr
612 3572 634 3624 ir
647 3571 708 3624 thus
720 3571 798 3640 given
811 3569 845 3640 by
860 3569 997 3623 Barbour:
1177 3571 1231 3623 and
1243 3570 1289 3623 did
1309 3570 1364 3622 him
1386 3569 1507 3640 homage,
1526 3569 1579 3623 and
1600 3570 1660 3623 that
1677 3570 1712 3624 he
1725 3589 1777 3625 was
1793 3591 1852 3627 now

502 3665 612 3734 Agayne
624 3662 772 3716 northwart
784 3661 839 3714 thal
853 3661 901 3715 tulr
913 3660 985 3714 their·
998 3677 1062 3731 way,
1179 3660 1233 3712 “in
1244 3661 1300 3730 gud
1312 3677 1369 3730 way
1383 3667 1411 3713 to
1423 3677 1541 3730 conquer
1553 3660 1599 3714 the
1611 3659 1673 3713 land
1685 3660 1792 3733 halily.”
1804 3662 1853 3717 but

500 3753 601 3807 Throw
614 3753 649 3806 all
665 3752 755 3806 lrland
767 3751 832 3805 than
845 3751 946 3822 poissy,
1178 3749 1239 3804 that
1247 3749 1288 3803 his
1300 3757 1318 3784 ‘⁴
1326 3760 1485 3821 utrageouss
1497 3750 1647 3821 suoquedry
1657 3750 1709 3803 and
1722 3751 1783 3814 will,
1793 3753 1853 3806 that

500 3844 600 3897 Throw
613 3842 649 3896 all
664 3842 781 3904 Conaoh,
794 3841 872 3912 rycht
885 3849 912 3894 to
927 3840 1082 3911 Dewillyne‚
1178 3857 1231 3893 wer
1243 3857 1302 3893 mar
1315 3838 1378 3894 than
1397 3840 1508 3911 hardy?
1526 3839 1610 3894 letted
1623 3839 1677 3893 him
1694 3841 1728 3894 ol
1735 3841 1777 3895 his
1789 3861 1852 3914 pur·

502 3934 564 3987 And
576 3933 664 3987 throw
675 3932 712 3985 all
728 3931 830 4003 Methy,
843 3931 897 3984 md
911 3929 1003 4001 Iereby
1016 3947 1087 4002 tyno,
1178 3948 1251 4002 pose.

501 4025 563 4078 And
575 4041 637 4094 ayne
649 4023 710 4094 baly
722 4022 810 4076 throw
827 4021 942 4076 Ulsister
1214 4022 1298 4076 ”Fra
1306 4019 1567 4074 Werint'.-Domlno
1579 4019 1853 4076 FulconeWarini.-

500 4117 562 4170 And
577 4115 713 4169 Monester
725 4115 778 4168 and
793 4114 928 4174 Lenester.
1180 4111 1271 4166 Pemb.
1312 4110 1371 4164 The
1390 4109 1448 4164 Fita
1465 4108 1572 4162 Werins
1592 4128 1661 4164 were
1681 4129 1698 4164 a
1721 4111 1851 4182 power-ful

499 4208 541 4261 To
556 4206 721 4277 Cragsergus
732 4204 864 4275 foroytyu
876 4203 976 4266 batailb
1177 4201 1269 4272 family
1281 4199 1307 4254 in
1321 4201 1421 4262 Ulster,
1431 4200 1493 4270 they
1502 4217 1573 4253 seem
1585 4208 1614 4254 to
1628 4200 1694 4255 have
1706 4202 1771 4256 been
1781 4203 1852 4257 heri·

501 4299 552 4352 For
565 4297 626 4350 thar
638 4312 692 4348 was
705 4311 772 4348 nene
785 4294 862 4348 durst
874 4293 935 4364 hym
948 4292 1034 4346 assass.
1176 4292 1263 4362 ditary
1276 4290 1424 4344 seneschals
1436 4289 1468 4343 of
1477 4290 1576 4352 Ulster‚
1590 4298 1618 4343 at
1630 4290 1719 4344 leasta
1733 4292 1851 4347 William

885 4384 917 4437 B.
931 4383 984 4438 xri.
999 4384 1017 4436 l.
1033 4386 1093 4438 att.
1179 4383 1238 4436 Fitz
1256 4381 1350 4434 Warin
1360 4399 1414 4434 was
1425 4381 1452 4435 iu
1461 4380 1521 4436 that
1529 4380 1640 4435 officein
1650 4385 1725 4446 1875,
1737 4385 1850 4455 (Rymer
