4386 5416
1113 627 1159 720 76

443 806 630 872 hlonaateria
641 806 800 874 SPatricii
810 807 848 872 de
859 807 965 872 Dune'
976 806 1055 872 etde
1069 806 1206 873 Saballol'
1215 759 1287 872 cum
1298 804 1404 870 multis
1414 804 1481 870 aliis
1493 803 1673 891 spoliantur.
1704 805 1824 870 Guliel-

442 936 510 977 mus
529 913 568 978 de
587 914 693 1002 Burgo
712 912 820 978 relicto
839 913 904 977 filio
923 912 1029 978 obside
1045 911 1078 975 in
1095 911 1199 976 Scotia
1213 910 1368 976 liberatur.
1414 909 1583 997 Templum
1598 909 1637 975 de
1652 909 1777 998 Brighc
1791 910 1825 974 in

441 1018 570 1084 Ultouia
589 1019 716 1106 plenum
735 1019 898 1083 hominum
917 1017 1076 1103 utriusque
1102 1041 1195 1082 sexus
1213 1016 1398 1082 incenditur.
1443 1015 1562 1080 Milites
1580 1016 1614 1080 in
1634 1015 1824 1105 Greglergus

440 1123 520 1188 farne
536 1125 639 1210 pressi,
655 1124 738 1190 coria
752 1124 964 1200 comedebant,
981 1131 999 1190 8
1015 1149 1032 1188 e
1050 1123 1149 1188 Scotis
1164 1123 1297 1188 detentis
1310 1122 1544 1188 moriebanturl.
1589 1122 1727 1187 Thomas
1741 1121 1823 1187 filius

441 1229 563 1294 comitis
579 1229 714 1296 Ultouiae
726 1231 864 1295 moritur.
910 1230 1045 1295 Moritur
1059 1229 1153 1294 etiam
1168 1229 1189 1294 J
1190 1229 1326 1294 ohannes
1341 1228 1423 1293 filius
1440 1228 1571 1294 Th0mae
1586 1228 1669 1315 apud
1684 1228 1823 1316 Laragh·

441 1335 529 1401 brine
544 1335 625 1402 intra
639 1335 801 1414 Mainoth3
816 1336 931 1402 dicitur
945 1361 1016 1402 eum
1032 1335 1124 1424 paulo
1139 1347 1210 1402 ante
1226 1349 1365 1412 mortem,
1381 1333 1497 1399 factum
1512 1358 1576 1400 esse
1591 1333 1737 1399 comitem
1754 1333 1822 1398 Kil-

441 1441 555 1520 darie03
577 1441 628 1507 cui
643 1441 788 1508 successit
802 1441 884 1506 filius
903 1443 970 1527 ejus
986 1442 1123 1508 Thomas
1144 1441 1198 1506 fitz
1212 1441 1234 1506 J
1235 1441 1365 1506 ohannis
1380 1440 1429 1504 vir
1444 1439 1588 1527 prudens.
1633 1439 1823 1527 Gregsergus

385 1593 387 1596 -
441 1547 566 1612 deditur
579 1547 678 1613 Scotis
687 1548 838 1614 concessis
852 1548 912 1613 hiis
927 1548 981 1634 qui
993 1549 1114 1613 inerant
1126 1549 1191 1612 vita
1201 1562 1232 1612 et
1243 1549 1392 1612 membro.
1433 1546 1495 1612 Die
1507 1545 1709 1611 exaltacionis
1723 1547 1822 1612 crucis

440 1653 593 1718 occiditur
607 1653 637 1718 O
653 1653 815 1741 Conghur¹
827 1654 900 1720 Mac
923 1654 1001 1719 Kele
1023 1679 1095 1720 cum
1118 1678 1179 1741 500
1203 1653 1361 1731 Hibernia,
1385 1676 1403 1719 a
1418 1652 1577 1718 Gulielmo
1600 1652 1639 1718 de
1661 1653 1768 1740 Burgo
1790 1669 1822 1719 ct

440 1759 574 1825 Ricardo
589 1758 807 1848 Brimiugham
816 1761 850 1824 in
862 1760 1028 1835 Connacia,
1045 1760 1078 1824 id
1087 1771 1155 1825 esta.
1180 1759 1234 1824 Ad
1243 1783 1349 1824 omnes
1363 1758 1470 1825 Scotos
1481 1758 1515 1822 in
1525 1758 1654 1824 Ultonia
1662 1759 1821 1824 «lohannes

439 1867 549 1954 Logan
560 1880 592 1931 et
607 1865 703 1954 Hugo
715 1865 850 1944 Bussen,
863 1866 971 1932 Scotos
986 1882 1140 1953 superant,
1157 1889 1219 1952 300
1228 1865 1428 1942 interficiunt,
1439 1864 1572 1951 duplicis
1583 1879 1736 1930 annature
1752 1889 1820 1931 roo.

440 1986 471 2036 et
491 1972 639 2059 simplicis
660 1993 730 2038 200.
775 1972 814 2037 In
829 1972 939 2060 vigilia
962 1971 984 2038 S
1004 1970 1166 2036 Edmundi
1188 1985 1353 2058 tempestas
1375 1993 1488 2058 magna
1509 1970 1625 2037 corruit
1650 1971 1822 2058 campanile

438 2078 585 2144 trinitatis
600 2077 739 2165 Dublyn.
784 2077 907 2166 Vigilia
923 2077 1029 2143 Sancti
1044 2077 1211 2143 Nicholaui
1226 2076 1347 2141 Alanus
1371 2075 1493 2142 Stuard¹
1507 2088 1615 2162 captus
1636 2076 1670 2140 in
1693 2076 1823 2142 Ultonia

439 2211 456 2249 a
470 2184 614 2249 «Iohanne
628 2183 738 2272 Logan
753 2197 785 2248 et
798 2184 820 2249 J
821 2184 942 2249 ohanne
954 2183 1103 2259 Sandalel,
1119 2183 1267 2248 custodire
1278 2182 1418 2259 traditur,
1434 2182 1467 2246 in
1480 2205 1547 2247 arce
1560 2181 1728 2247 Dubliniae.
1766 2182 1822 2248 Ad

439 2290 689 2377 pun'ficacionem
706 2289 814 2354 Mariae
829 2305 982 2355 venerunt
997 2289 1184 2354 Dublinium
1196 2289 1239 2353 les
1255 2288 1363 2354 Lacies
1378 2288 1433 2374 qui
1448 2287 1663 2373 inquisitiones
1677 2312 1822 2375 procura-

1748 2409 1822 2458 runt

436 2551 464 2596 to
476 2541 645 2612 Pembridge,
655 2558 725 2594 were
734 2548 811 2594 eaten
823 2541 856 2613 by
866 2542 911 2596 the
920 2542 1041 2613 starving
1047 2559 1107 2613 gar·
1151 2549 1177 2594 et
1186 2541 1284 2594 Sancta
1293 2538 1469 2594 Trinitasfuit
1476 2539 1573 2592 ibidem
1583 2539 1610 2591 in
1619 2539 1681 2592 sede
1690 2541 1821 2610 magnitu-

437 2633 634 2687 risou-Boolr
646 2651 688 2686 xv.
703 2632 721 2685 l.
735 2636 795 2695 262,
808 2633 860 2686 xvi.
872 2633 891 2686 l.
904 2638 947 2687 45.
1150 2631 1226 2693 (linis,
1247 2641 1274 2685 et
1291 2630 1347 2702 ipse
1365 2629 1499 2683 lohannes
1517 2630 1640 2701 deposuit
1657 2647 1715 2683 earn
1728 2631 1760 2683 de
1779 2647 1820 2684 ec-

470 2739 482 2763 ·
496 2724 525 2778 S.
536 2723 651 2777 Patricii
661 2723 693 2777 de
705 2722 899 2777 Dum-This
911 2723 1002 2794 abbey,
1019 2722 1106 2777 which
1149 2721 1229 2775 alesia
1240 2729 1268 2775 et
1279 2721 1411 2775 ordinavit
1421 2719 1549 2791 capellam
1556 2738 1606 2791 pro
1615 2737 1647 2773 ea
1657 2721 1781 2791 imagine,
1794 2731 1821 2775 et

435 2815 490 2868 had
507 2815 573 2868 been
591 2815 675 2868 under
694 2814 739 2868 the
756 2814 906 2868 invocation
923 2814 956 2868 ol'
969 2813 1014 2869 the
1035 2815 1106 2885 Holy
1148 2812 1177 2865 in
1199 2829 1296 2882 magua
1319 2811 1430 2864 ecclesia
1452 2811 1542 2882 posuit
1559 2811 1702 2883 imaginem
1728 2812 1820 2867 Sancti

438 2901 552 2972 Trinity,
573 2919 625 2954 wae
644 2901 782 2955 dedicated
800 2910 827 2955 to
848 2902 887 2956 st.
905 2902 1012 2957 Patriclr
1025 2904 1058 2974 by
1071 2904 1105 2958 ite
1150 2903 1268 2964 Patricii,
1281 2903 1354 2972 quod
1365 2920 1417 2955 uon
1429 2902 1529 2973 placuit
1543 2902 1601 2955 Deo
1617 2902 1781 2957 Altissimo.”

435 2991 532 3044 second
544 2989 656 3042 founder
669 2989 739 3043 John
748 2989 782 3042 de
793 2990 907 3062 courcy,
921 2989 979 3044 who
986 2991 1106 3061 expelled
1182 2989 1239 3047 bDe
1247 2991 1468 3047 Sabello-Saul
1476 2991 1502 3045 in
1510 2992 1558 3046 the
1569 2992 1669 3063 barony
1679 2992 1711 3046 ol
1716 2993 1820 3057 Lecale,

436 3082 482 3135 tha
502 3081 605 3134 secular
623 3097 730 3143 canons,
754 3081 806 3134 and
826 3089 875 3151 put
895 3081 922 3134 iu
940 3081 1010 3135 their
1029 3100 1105 3136 room
1151 3083 1255 3154 County
1279 3083 1373 3137 Down.
1414 3083 1439 3137 lt
1460 3101 1513 3136 wae
1536 3082 1623 3137 called
1642 3083 1750 3136 Sabhall
1771 3085 1819 3138 Pa·

439 3171 790 3225 Benedictinemonlralroru
801 3171 921 3225 Chester.
953 3172 1025 3226 That
1034 3173 1108 3227 these
1150 3173 1234 3235 druic,
1251 3191 1283 3226 or
1297 3172 1428 3227 Patriolr's
1442 3174 1523 3234 Barn,
1541 3173 1594 3226 end
1607 3191 1659 3226 was
1671 3173 1738 3228 built
1750 3173 1820 3228 from

436 3262 551 3332 changes
569 3278 640 3314 were
655 3267 703 3313 not
718 3259 876 3330 universally
888 3260 1029 3330 approved,
1048 3277 1109 3332 may
1149 3264 1230 3318 north
1242 3272 1271 3318 to
1280 3263 1359 3317 south
1371 3263 1515 3333 according
1524 3271 1551 3316 to
1560 3263 1606 3316 the
1612 3263 1682 3316 form
1692 3264 1744 3317 and
1753 3265 1821 3336 posi-

437 3353 470 3405 be
486 3352 615 3405 collected
631 3351 702 3404 from
722 3351 768 3404 the
785 3351 872 3405 words
889 3351 922 3404 of
939 3352 1106 3422 Pembridge,
1151 3355 1206 3408 tion
1219 3353 1251 3406 ol
1257 3354 1365 3408 Dicho's
1375 3354 1456 3416 Barn,
1470 3354 1515 3408 the
1522 3354 1582 3408 first
1593 3354 1684 3408 Ulster
1691 3365 1819 3421 convert3

437 3443 504 3504 who,
518 3443 594 3496 when
606 3441 720 3512 relating
727 3442 760 3495 de
771 3442 896 3513 Courcy's
908 3442 1109 3514 impriaoument
1150 3445 1172 3499 it
1184 3463 1237 3498 was
1254 3445 1380 3516 probably
1392 3463 1409 3498 a
1422 3445 1477 3498 real
1494 3444 1562 3499 barn
1578 3445 1605 3497 in
1617 3444 1704 3499 which
1719 3447 1758 3500 St.
1770 3447 1820 3500 Pa-

438 3534 465 3585 in
481 3537 556 3595 1204,
573 3550 631 3603 says
647 3532 707 3586 that
723 3532 749 3586 in
762 3531 802 3586 his
813 3533 910 3604 misery
922 3531 956 3586 he
974 3532 1047 3586 ollen
1063 3551 1106 3586 ex·
1150 3535 1219 3589 triclr
1239 3536 1390 3589 celebrated
1414 3535 1501 3588 divine
1524 3534 1819 3607 worship-Lanigan,

438 3622 559 3685 claimed,
573 3630 591 3656 “
602 3622 626 3675 0
639 3623 683 3676 Tu
696 3623 770 3676 Deus
782 3639 863 3693 quare
875 3622 913 3676 sio
925 3622 990 3676 facis
1002 3641 1106 3677 mecrun
1153 3627 1215 3680 Ecc.
1231 3626 1313 3688 Hist,
1323 3626 1374 3680 vol.
1386 3626 1404 3678 i.
1414 3644 1440 3697 p.
1455 3629 1515 3679 212.
1540 3626 1612 3680 Mon.
1630 3625 1705 3689 Hib,
1718 3645 1745 3697 p.
1760 3631 1817 3681 128.

438 3713 483 3783 qui
495 3721 536 3767 tot
548 3711 708 3765 monasteria
716 3711 842 3766 edificavi
854 3720 881 3766 et
892 3713 1049 3767 reaedificavi
1057 3713 1107 3768 tibi
1185 3717 1195 3740 ‘
1209 3716 1389 3787 Erigit-In
1397 3715 1551 3786 thebarony
1560 3715 1592 3769 of
1600 3717 1702 3778 hecale,
1716 3717 1821 3790 Connty

439 3814 466 3857 et
477 3803 574 3856 sanctis
586 3803 658 3856 tuis?
669 3803 715 3873 qui
726 3821 787 3856 cum
796 3803 887 3857 multis
897 3804 995 3858 vicibus
1007 3805 1108 3874 siceju·
1150 3805 1182 3860 of
1195 3807 1290 3862 Down.
1331 3806 1491 3876 Pembridge
1510 3807 1575 3860 calls
1594 3807 1616 3860 it
1635 3807 1748 3878 Brught,
1768 3810 1821 3863 and

438 3890 515 3951 leret,
534 3898 562 3943 et
573 3888 745 3951 obdormiret,
755 3889 832 3943 affuit
843 3889 865 3942 si
877 3890 975 3944 Sancta
988 3891 1108 3947 Trinitas
1151 3915 1209 3968 says
1221 3897 1280 3951 that
1291 3897 1313 3951 it
1322 3915 1375 3950 wae
1384 3896 1527 3967 burnedby
1537 3896 1582 3950 the
1592 3897 1668 3950 Scots
1676 3898 1729 3951 and
1740 3899 1817 3953 lrish.

439 3983 537 4036 dicens.
573 3980 664 4042 Quare
675 3997 717 4034 me
729 3979 829 4049 ejecisti
839 3980 872 4034 de
883 3981 945 4035 sede
957 3999 1024 4046 mea,
1036 3983 1108 4037 etde
1186 3993 1197 4026 ⁶
1212 3985 1610 4057 moretania-Pennino,
1623 3987 1683 4040 who
1695 4005 1779 4042 seems
1791 3999 1820 4042 to

440 4071 684 4134 ecclesiaDunensi,
693 4080 721 4125 et
727 4071 837 4142 posuisti
847 4071 883 4124 ibi
892 4081 1012 4126 sanmum
1019 4091 1109 4128 meum
1151 4077 1218 4130 have
1230 4077 1336 4130 written
1348 4076 1418 4129 from
1430 4093 1446 4128 a
1454 4075 1563 4145 journal
1575 4077 1638 4148 kept
1650 4085 1678 4130 at
1690 4077 1736 4132 the
1747 4079 1819 4140 time,

441 4163 588 4218 Patricium
599 4171 742 4235 patronum
754 4161 903 4216 Hibernia?
933 4163 1003 4224 Quia
1011 4164 1109 4218 lohan-
1152 4185 1210 4239 says
1222 4167 1281 4221 that
1293 4185 1364 4220 news
1375 4166 1428 4220 had
1444 4184 1519 4220 come
1531 4165 1601 4219 from
1616 4167 1821 4240 Carriclrl'ergua

440 4274 486 4310 nes
501 4255 606 4327 courcy
618 4253 719 4325 expulit
728 4253 860 4308 seculares
871 4254 1011 4309 canonicos
1020 4255 1053 4309 de
1067 4273 1108 4309 ec·
1151 4258 1210 4312 that
1222 4257 1265 4311 lor
1273 4265 1344 4310 want
1353 4257 1385 4310 ol'
1387 4257 1535 4328 provisions
1544 4257 1589 4311 the
1595 4259 1717 4329 garrisou
1727 4268 1770 4313 eat
1777 4261 1822 4314 the

439 4347 519 4400 clesia
530 4344 683 4400 cathedrali
691 4344 810 4398 Dunensi
818 4345 1109 4400 etadduxitmonachos
1150 4348 1225 4402 hides
1237 4347 1269 4402 of
1276 4348 1365 4410 cattle,
1378 4348 1431 4402 and
1442 4347 1524 4401 about
1532 4347 1606 4418 eight
1617 4348 1693 4402 Scots
1702 4349 1762 4403 who
1770 4351 1823 4404 had

441 4438 532 4508 nigros
539 4435 572 4490 de
584 4433 689 4490 Cestria
700 4443 726 4488 et
738 4433 827 4505 posuit
838 4435 865 4488 in
875 4435 967 4488 eadem
979 4436 1105 4502 ecclesia;
1149 4439 1216 4492 been
1233 4439 1312 4492 talren
1329 4439 1471 4510 prisonem,
1494 4446 1512 4472 “
1521 4439 1591 4492 uude
1609 4439 1751 4494 dolendum
1771 4441 1822 4496 fuit
