4380 5404
1122 653 1188 700 100

526 829 614 894 ¹324·
638 807 729 873 Obiit
743 808 913 875 Nicholaus
925 808 1095 886 Genevile‘,
1111 810 1199 875 heres
1215 809 1351 875 Simonis
1363 809 1561 896 Gen[evile].
1597 809 1736 875 Morinal
1749 810 1845 874 bourn

461 926 493 974 et
508 934 681 978 vaccarum.

528 1041 585 1104 132
589 1043 617 1105 ς.
641 1020 793 1085 Ricardus
813 1020 979 1097 Lederedh,
1000 1021 1162 1109 episcopus
1182 1021 1379 1098 Ossoriensis,
1400 1021 1509 1087 citavit
1526 1022 1665 1088 Alicism
1686 1021 1790 1098 Ketili,
1810 1035 1847 1086 ut

459 1148 491 1187 se
511 1140 658 1212 purgaret
674 1126 712 1189 de
727 1126 863 1191 heretico
877 1126 1045 1214 pravitate3
1065 1151 1134 1212 quae
1149 1127 1260 1216 magiae
1275 1128 1419 1194 convicte
1436 1141 1491 1204 est,
1514 1152 1587 1193 nam
1601 1143 1685 1193 certo
1705 1150 1846 1214 compro-

460 1236 568 1300 batum
584 1245 639 1308 est,
656 1231 811 1316 quendam
827 1232 990 1296 demonem
1013 1231 1164 1297 incubum
1187 1233 1326 1317 (nomine
1343 1233 1447 1298 Robin
1469 1233 1629 1319 Artisson)
1645 1232 1847 1298 concubuisse

460 1365 532 1405 cum
548 1364 592 1414 ea,
610 1337 661 1402 cui
673 1337 740 1425 ipse
751 1336 906 1402 obtulerat
915 1361 1028 1402 novem
1039 1337 1136 1424 gallos
1147 1340 1274 1416 rubeosl,
1288 1339 1372 1426 apud
1383 1339 1538 1425 quendem
1551 1351 1677 1426 pontem
1688 1338 1847 1425 lapideum

460 1447 494 1510 in
518 1443 703 1531 quadravia;
723 1442 798 1508 item
817 1443 899 1508 inter
920 1467 1004 1508 sacre
1026 1444 1146 1531 agenda
1164 1444 1247 1510 inter
1265 1444 1503 1532 completorium
1520 1459 1552 1511 et
1565 1444 1762 1533 ignitegium,
1783 1443 1850 1530 ipsa

460 1551 560 1638 scopis
576 1562 722 1638 purgaret
737 1548 895 1614 Kilkeniae
910 1549 1027 1637 plateoe
1041 1550 1145 1615 sordes
1155 1550 1330 1635 detulitque
1343 1564 1484 1616 vertente
1499 1551 1538 1616 ad
1553 1550 1681 1615 domum
1696 1549 1848 1616 Gulielmi

462 1658 601 1724 Utlawck
616 1655 673 1719 lilii
689 1655 746 1731 sui,
761 1655 815 1719 ubi
830 1655 1021 1739 conjurando
1033 1655 1124 1731 dixit,
1142 1667 1159 1694 “
1169 1671 1233 1720 tota
1244 1656 1382 1722 felicites¹
1394 1656 1552 1722 Killrenioe
1561 1656 1666 1721 veniat
1676 1656 1709 1719 in
1722 1656 1849 1721 domum

461 1765 569 1828 hanc.''
613 1761 719 1846 Hujus
733 1761 902 1848 impictatis
922 1761 1088 1848 participes
1102 1761 1229 1827 invente
1245 1774 1317 1826 sunt
1331 1762 1434 1850 plures
1449 1762 1526 1839 eliae,
1542 1776 1579 1827 ut
1592 1761 1794 1828 Betronillam
1810 1761 1849 1826 de

462 1868 572 1946 Midia,
588 1893 659 1934 curn
676 1868 740 1933 filie
755 1866 878 1932 Basilis.
923 1867 1097 1955 Episcopus
1112 1892 1180 1933 earn
1195 1869 1359 1934 mulctavit
1373 1869 1514 1956 pecunia,
1529 1868 1694 1957 coegitque
1709 1868 1849 1952 dejurare

460 1975 633 2063 sortilegia3
654 1988 760 2062 postea
778 1997 860 2049 vcro,
884 1974 1022 2060 ejusdem
1042 1974 1180 2040 criminis
1202 1975 1315 2039 iterum
1337 1975 1489 2052 convicte,
1512 1999 1584 2040 cum
1603 1974 1719 2040 Basilia
1736 1973 1848 2062 fugite,

462 2107 520 2148 nec
531 2106 628 2167 usque
644 2080 760 2145 exinde
775 2103 915 2165 unquam
931 2080 1083 2167 apparuit.
1120 2079 1291 2146 Petronilla
1303 2080 1460 2145 Kilkeniae
1475 2080 1676 2156 comburitur,
1694 2104 1762 2166 quse
1777 2104 1848 2144 cum

458 2191 526 2274 jam
541 2187 691 2252 moriture
705 2201 792 2260 essct,
809 2186 975 2251 affirmavit
989 2186 1165 2273 predictum
1181 2186 1375 2252 Gulielmum
1390 2211 1471 2272 eque
1484 2187 1594 2252 mereri
1610 2201 1741 2251 mortem
1756 2199 1849 2272 atque

462 2319 502 2370 se,
515 2293 600 2379 quod
611 2316 667 2380 per
678 2315 794 2356 annum
806 2291 964 2377 integrum
976 2306 1008 2356 et
1019 2291 1111 2368 diem,
1124 2306 1225 2379 gesset
1235 2293 1322 2357 nudo
1333 2315 1460 2379 corpore
1470 2317 1579 2357 zonam
1592 2292 1718 2357 diaboli.
1755 2292 1849 2358 Unde

462 2399 566 2464 statim
578 2397 714 2485 episcopi
726 2397 815 2482 jussu
826 2412 935 2483 captus
946 2410 1000 2472 est,
1017 2412 1049 2461 et
1059 2397 1173 2462 carceri
1185 2397 1331 2473 inclusus,
1347 2398 1402 2464 ubi
1414 2398 1496 2464 circa
1510 2397 1588 2462 duos
1598 2409 1731 2463 menses¹¹
1742 2399 1849 2463 deten-

463 2519 513 2569 tus
528 2518 590 2581 est3
605 2503 657 2568 cui
669 2501 815 2590 assignati
831 2516 903 2586 sunt
915 2524 933 2569 2
946 2502 1087 2587 ministri,
1104 2502 1217 2587 quibus
1232 2515 1427 2591 preceptum⁰
1437 2519 1474 2568 ut
1484 2527 1524 2568 ne
1536 2503 1773 2588 alloquerentur,
1789 2503 1849 2568 nisi

464 2610 559 2675 semel
575 2607 723 2694 quotidie,
743 2632 802 2672 nec
821 2607 1019 2672 comederent
1038 2623 1093 2673 eut
1111 2609 1255 2674 biberent
1272 2633 1344 2674 cum
1360 2633 1414 2687 eo;
1435 2610 1560 2674 tandem
1580 2609 1698 2674 favores
1713 2610 1849 2674 Arnoldi

463 2719 545 2781 Poer
563 2713 720 2780 senescalli
742 2713 899 2778 Kilkeniae
919 2713 1066 2779 liberatus
1085 2730 1140 2780 est.
1184 2713 1283 2780 Dedit
1302 2729 1406 2780 autem
1425 2715 1528 2780 eidem
1543 2714 1684 2782 Arnaldo
1703 2740 1847 2803 magnam

463 2845 582 2886 sumam
602 2819 751 2907 pecuniae,
773 2833 809 2883 ut
824 2819 849 2883 is
864 2819 1044 2906 episcopum
1063 2821 1097 2884 in
1115 2844 1269 2886 carcerem
1285 2820 1461 2907 conjiceret,
1482 2820 1566 2906 quod
1586 2835 1618 2886 et
1632 2821 1778 2887 effectum
1793 2837 1847 2896 est,

463 2929 669 3011 detentusque
684 2925 846 3012 episcopus
861 2925 901 2989 ed
917 2949 934 3012 3
952 2949 1080 2991 menses.
1126 2926 1212 2991 Inter
1226 2950 1274 2991 res
1288 2926 1401 2992 Aliciae
1416 2927 1545 2992 inventa
1558 2940 1605 2992 est
1618 2927 1727 3004 hostie,
1743 2927 1776 2991 in
1788 2953 1850 3012 qua

464 3057 580 3098 nomen
596 3030 713 3096 dioboli
728 3030 912 3118 inscriptum
927 3045 1000 3107 erat,
1022 3047 1162 3119 preterea
1176 3031 1260 3118 pixis
1275 3032 1417 3116 quaedam
1432 3032 1466 3096 in
1482 3055 1543 3117 qua
1557 3045 1762 3119 unguentum,
1786 3056 1848 3117 quo

1730 3161 1848 3226 ungere

498 3317 506 3349 ¹
524 3309 739 3366 Gemella-He
751 3327 805 3363 was
817 3310 912 3364 buried
923 3311 994 3381 apud
1006 3310 1132 3381 praedice-
1178 3310 1283 3364 Kiteler
1296 3327 1348 3363 was
1361 3309 1456 3364 eheriff
1464 3310 1496 3364 os
1504 3310 1550 3364 the
1561 3311 1658 3384 liberty
1670 3310 1701 3363 of
1717 3310 1850 3382 Kilhenny

464 3414 536 3459 tores
560 3404 593 3456 de
617 3401 843 3472 Trym.-Pemb.
885 3401 957 3454 Who
981 3402 1056 3463 adds,
1074 3400 1134 3456 thet
1176 3401 1203 3453 in
1219 3400 1396 3454 laon-Ros.
1414 3402 1473 3454 Pat.
1488 3406 1518 3454 sl
1537 3401 1587 3454 Ed.
1605 3403 1667 3456 13.

465 3495 541 3548 there
553 3511 606 3546 wes
620 3509 637 3544 a
652 3500 731 3562 great
747 3501 832 3547 storin
848 3511 883 3546 on
900 3491 946 3545 the
959 3492 1036 3563 night
1047 3491 1080 3545 of
1088 3491 1134 3545 the
1208 3490 1216 3533 l
1231 3491 1326 3545 Gallos
1339 3492 1438 3546 rubeos
1448 3492 1619 3563 -Campion
1631 3493 1706 3555 adde,
1724 3494 1778 3547 and
1789 3492 1851 3546 nine

467 3583 606 3657 Epiphany
620 3583 692 3650 (lun.
704 3583 743 3649 6).
1176 3581 1320 3652 peaooclres
1332 3599 1401 3652 eyes.

500 3672 925 3743 ίΜονίηα...ΨεΙεὶιιςὴειιιάοθε
934 3681 982 3726 not
990 3672 1077 3726 notice
1085 3688 1135 3742 any
1213 3672 1370 3726 ¹Gulielmi
1388 3672 1667 3727 Utlowe.-William
1688 3673 1802 3735 Utlawe,
1821 3691 1851 3726 or

464 3765 564 3818 diesne
576 3771 699 3833 amongst
709 3763 756 3816 the
768 3763 849 3817 cattle
861 3763 888 3816 in
903 3762 1026 3833 England
1042 3763 1070 3815 in
1082 3762 1135 3816 thie
1181 3761 1311 3824 Outlawe‚
1322 3763 1354 3816 ol
1363 3762 1503 3832 Kilkenny,
1512 3780 1660 3817 wasamsn
1670 3763 1702 3817 of
1706 3781 1769 3834 very
1775 3772 1853 3835 great

463 3872 535 3927 year,
555 3854 605 3907 hut
622 3871 680 3924 says
701 3854 760 3907 that
780 3857 846 3907 1³25
867 3854 920 3907 and
940 3855 1007 3906 1:326
1018 3869 1088 3906 were
1106 3871 1135 3906 so
1178 3853 1283 3906 weelth.
1324 3854 1355 3907 In
1369 3857 1435 3907 1³02
1447 3853 1493 3906 the
1504 3853 1579 3924 large
1591 3853 1790 3908 sumoffhllllo
1799 3871 1852 3908 was

464 3945 512 3999 hot
524 3945 584 3999 that
594 3944 681 3998 rivers
693 3961 763 3997 were
776 3943 852 3998 dried
864 3963 910 4014 up,
923 3943 976 3996 and
989 3941 1048 3997 thet
1060 3960 1138 4014 many
1179 3941 1264 3995 found
1276 3943 1370 3997 buried
1387 3943 1413 3995 in
1431 3941 1472 3996 his
1493 3943 1584 4006 house,
1604 3943 1689 3997 which
1704 3944 1737 3997 he
1749 3944 1853 4014 alleged

466 4036 529 4090 wild
540 4035 593 4088 and
606 4043 676 4088 terne
688 4033 798 4088 animale
811 4033 872 4088 died
883 4033 915 4086 of
924 4033 1012 4088 thirst.
1180 4050 1234 4086 was
1242 4032 1288 4087 the
1297 4039 1424 4104 property
1433 4033 1464 4086 of
1477 4033 1563 4087 Adam
1576 4033 1601 4087 le
1612 4034 1702 4088 Blund
1710 4033 1743 4087 of
1749 4034 1851 4096 callen,

501 4132 511 4164 *¹
526 4125 657 4179 Ricardvu
667 4125 857 4178 Ledered.-A
868 4125 1027 4179 Francisoan
1035 4123 1102 4177 frier
1110 4123 1142 4177 of
1180 4123 1245 4178 with
1258 4123 1345 4177 whom
1357 4122 1390 4176 he
1402 4141 1486 4178 seems
1498 4137 1527 4178 to
1539 4123 1606 4178 have
1618 4125 1683 4178 been
1696 4126 1850 4179 connected.

468 4217 589 4277 London,
605 4214 705 4287 Bishop
716 4214 749 4267 os
756 4215 856 4286 Ossory
865 4214 935 4268 l'rom
946 4219 1012 4269 1318
1022 4223 1050 4268 to
1062 4217 1137 4268 1360.
1185 4214 1228 4269 He
1236 4231 1319 4268 seems
1331 4223 1360 4268 to
1368 4214 1435 4268 have
1447 4215 1513 4269 been
1525 4233 1542 4268 a
1553 4214 1685 4280 clothier3
1699 4223 1728 4270 at
1739 4215 1814 4278 least,
1827 4217 1854 4270 in

466 4306 608 4362 „Hmis'
624 4307 727 4359 Ware'e
742 4305 816 4376 Bps„
830 4325 855 4377 p.
870 4309 931 4360 408.
1185 4309 1249 4360 1811
1266 4305 1310 4358 Sir
1326 4304 1445 4358 William
1457 4305 1491 4358 de
1505 4305 1654 4360 Caunteton
1666 4323 1734 4377 gese
1745 4306 1801 4359 him
1820 4324 1852 4360 su

504 4396 951 4468 ¹Kelll.-Ketyll.-Pembridge.
984 4395 1101 4449 william
1115 4397 1139 4449 le
1182 4395 1428 4467 acknowledgment
1445 4395 1489 4449 for
1512 4395 1562 4454 st.
1582 4401 1621 4449 4³.
1646 4397 1704 4450 lod.
1718 4395 1762 4450 for
1781 4397 1853 4451 eloth
