4386 5416
1133 626 1180 696 60

460 803 565 870 Sancti
577 803 662 869 Petri
671 803 790 892 incepit
800 803 879 868 ricta
888 801 1025 892 Urgaliae
1037 828 1093 892 per
1103 804 1276 870 Robertum
1285 805 1480 872 Verdonum.
1506 805 1696 872 Interlicitur
1707 807 1849 874 Donatus

459 911 489 974 Ο
506 911 621 975 Brenev
636 933 692 997 per
705 909 833 975 insidias
847 935 865 975 a
879 909 942 975 suis
956 909 991 974 in
1006 910 1226 977 Tothomonia.

528 1038 617 1102 ¹31²·
640 1017 751 1082 Petrus
767 1016 926 1081 Gaveston
940 1031 1048 1104 captus
1063 1017 1147 1103 apud
1162 1017 1348 1106 Dodington
1363 1043 1381 1084 a
1399 1017 1514 1084 comite
1529 1019 1699 1084 Warwici'
1713 1019 1847 1085 decolla-

459 1136 509 1186 tus
531 1122 660 1188 consilio
682 1123 831 1188 comitum
847 1137 879 1187 et
897 1124 1048 1188 baronum
1077 1146 1123 1210 13.
1145 1123 1214 1188 Kal.
1230 1125 1251 1188 J
1254 1124 1319 1188 ulii.
1363 1124 1531 1189 Exercitus
1545 1124 1657 1190 ductus
1671 1150 1690 1191 a
1703 1125 1848 1191 «Iohanne

461 1229 576 1316 Vogan
590 1229 612 1292 J
614 1229 701 1293 ustio.
718 1229 863 1294 adversus
878 1229 1050 1293 Robertum
1066 1228 1206 1306 Verdon,
1222 1229 1331 1295 misere
1346 1229 1504 1295 coniectus
1519 1233 1555 1296 6⁰
1570 1228 1640 1296 idus
1652 1232 1674 1295 J
1675 1231 1740 1308 ulii,
1753 1231 1848 1297 inter-

459 1333 547 1398 fectis
561 1335 593 1398 N
594 1334 692 1400 icolao
707 1333 864 1410 Aveneill
881 1333 1016 1398 Patricio
1035 1333 1074 1398 de
1090 1334 1191 1422 Rupe,
1203 1359 1276 1399 cum
1290 1335 1396 1400 multis
1411 1333 1487 1400 aliia.
1533 1335 1687 1402 Robertus
1702 1336 1849 1402 Verdon¹

460 1464 531 1504 cum
554 1439 661 1504 multis
676 1462 801 1504 suorum
823 1461 855 1503 se
875 1439 1029 1503 dederunt
1048 1438 1082 1502 in
1102 1439 1344 1505 ansericordiam
1364 1440 1446 1528 regis
1462 1441 1616 1506 Dublinii.
1661 1441 1849 1507 Edmundus

461 1545 589 1610 Buteler
603 1545 706 1610 locum
721 1558 829 1609 tenens
842 1543 996 1609 «iohannis
1011 1543 1127 1632 Vogan
1148 1545 1269 1610 obsedit
1284 1544 1314 1610 O
1330 1545 1454 1610 Brinios
1468 1545 1502 1610 in
1518 1546 1693 1611 Glindelori
1707 1548 1848 1635 compul-

460 1652 561 1737 sitque
581 1651 621 1716 ad
643 1650 825 1716 deditiones.
864 1649 1015 1715 Moricius
1035 1648 1105 1713 Fitz
1127 1651 1258 1716 Th0mae
1281 1651 1376 1716 duxit
1392 1651 1593 1717 Catherinam
1613 1652 1710 1718 filiam
1725 1653 1848 1718 comitis

462 1757 598 1823 Ultoniae
610 1757 650 1822 ad
659 1771 792 1823 castrum
804 1755 913 1832 viride,
924 1756 1016 1821 aliam
1027 1756 1156 1842 ejusque
1169 1755 1265 1822 filiam
1279 1757 1416 1822 Thomas
1426 1757 1496 1822 Fitz
1507 1758 1528 1823 J
1530 1759 1646 1823 oannis.
1690 1759 1712 1824 J
1713 1759 1850 1825 ohannes

463 1865 531 1929 Fitz
547 1865 679 1929 Thomae
693 1863 828 1950 equestri
844 1861 953 1927 ordine
962 1862 1127 1927 'decoravit
1138 1862 1274 1928 Nectum
1288 1862 1342 1926 fitz
1358 1862 1500 1928 Mauritii
1515 1877 1547 1929 et
1562 1864 1734 1930 Robertnm
1750 1866 1848 1931 Glen-

461 1971 531 2034 huly
540 1971 623 2058 apud
634 1970 753 2035 Adue
764 1969 798 2033 in
807 1968 978 2034 Momonia
1023 1969 1209 2034 Invaserrmt
1220 1967 1356 2056 piraticae
1369 1969 1511 2054 quaedam
1522 1993 1616 2035 naves
1628 1970 1759 2036 Roberti
1768 1971 1848 2035 Brus

461 2076 623 2143 Ultoniam
639 2099 708 2162 qua
730 2076 769 2141 ab
783 2074 893 2140 incolis
915 2073 1036 2162 repulse
1057 2087 1138 2138 sunt.
1183 2072 1320 2137 Moritur
1332 2073 1354 2138 J
1356 2073 1492 2140 ohannes
1508 2075 1649 2151 Laelios,
1665 2075 1847 2163 Archiepis-

460 2207 557 2270 copus
578 2182 747 2258 Dubliniac,
770 2181 954 2246 Alexander
976 2180 1114 2268 Bigenor
1135 2179 1164 2244 ei
1187 2179 1341 2245 successit.
1386 2179 1467 2244 Milo
1482 2180 1613 2245 Verdon
1635 2181 1730 2245 duxit
1751 2182 1847 2247 filiam

462 2288 590 2353 Ricardi
605 2289 644 2354 de
661 2287 818 2354 Oxoniisl'.
863 2287 1017 2352 Robertus
1033 2287 1113 2350 Burs
1128 2286 1226 2351 diruit
1239 2301 1374 2351 castrum
1389 2286 1428 2351 de
1445 2285 1583 2363 Manne0,
1606 2287 1707 2375 capite
1722 2289 1850 2376 punivit

461 2395 616 2482 Donogan
638 2392 809 2460 OTowill.
852 2392 1012 2457 Johannes
1034 2391 1073 2456 de
1096 2392 1212 2480 Burgo‚
1235 2391 1323 2456 heres
1345 2391 1467 2456 comitis
1490 2391 1636 2469 Ultoniae,
1663 2392 1743 2458 obiit
1764 2394 1848 2482 apud

462 2502 602 2586 Galway.
652 2499 840 2564 Edmundus
862 2499 990 2564 Buteler
1013 2521 1053 2584 30
1073 2498 1156 2562 viros
1177 2497 1313 2583 equestri
1335 2497 1444 2562 ordine
1466 2497 1625 2564 decoravit
1649 2499 1795 2565 Dublinii
1814 2501 1848 2565 in

461 2609 539 2672 festo
556 2605 731 2670 Michaelis.

523 2735 612 2799 1314.
632 2709 834 2799 Hospitalarii
848 2723 1033 2798 receperunt
1046 2723 1142 2774 terras
1157 2709 1407 2798 Templariomm
1419 2711 1453 2775 in
1467 2710 1630 2776 Hibernia.
1674 2711 1848 2778 Johamesd

1759 2818 1848 2884 Paris

461 2965 507 3019 the
519 2964 605 3034 hiug's
618 2963 723 3026 liceuae,
741 2981 794 3016 was
813 2963 927 3016 ordered
944 2979 961 3014 a
978 2961 1133 3015 reasonable
1177 2971 1196 2998 ⁴⁴
1208 2962 1267 3015 The
1275 2962 1357 3016 Black
1365 2961 1465 3034 Dogof
1469 2963 1679 3028 Ardennes;''he
1686 2981 1746 3016 now
1754 2963 1846 3026 found,

462 3057 552 3109 dower
570 3054 640 3107 from
659 3054 708 3107 her
724 3053 866 3107 husband's
883 3053 1072 3106 iands.-Rot.
1090 3051 1131 3106 Cl.
1177 3073 1235 3125 says
1249 3055 1445 3127 Walsingham‚
1457 3055 1518 3110 that
1529 3055 1575 3108 the
1588 3055 1642 3127 dog
1654 3057 1734 3110 could
1745 3057 1809 3110 bite.

461 3147 544 3200 ssd.
562 3146 598 3199 11.
613 3149 657 3200 49.
1181 3165 1183 3170 ·
1211 3145 1845 3218 'RobertusVerdoa-Hissurrenderinghim·

497 3239 636 3291 'Donatus
648 3235 841 3290 OBrene.-In
856 3238 923 3288 1310
936 3235 982 3288 the
994 3233 1132 3303 following
1173 3235 1228 3288 seii
1235 3253 1252 3288 a
1263 3237 1393 3306 prisoner,
1403 3236 1502 3289 aaroni
1512 3234 1594 3304 Regis
1604 3237 1744 3298 Dublinio,
1753 3237 1844 3290 Pemb.

462 3327 692 3381 writwasissued.
720 3327 807 3379 “Rex
819 3324 996 3379 Edmundole
1009 3322 1131 3385 Botiller,
1175 3342 1259 3379 werna
1276 3326 1376 3379 anodd
1392 3325 1476 3379 result
1488 3324 1520 3379 oi
1527 3326 1569 3379 his
1580 3334 1659 3397 great
1671 3326 1773 3400 victory
1782 3345 1846 3382 over

462 3417 577 3471 ‚iohanni
589 3418 644 3470 tilio
659 3418 778 3478 Thonis,
799 3416 931 3470 Mauricio
944 3415 976 3468 de
991 3413 1133 3485 Rupei'orti
1175 3416 1221 3469 tbe
1231 3415 1384 3488 Justieiary.
1425 3416 1544 3487 Perhaps
1563 3416 1609 3470 the
1620 3424 1678 3470 text
1689 3418 1712 3470 is
1724 3427 1844 3490 corrupt.

462 3519 489 3563 et
512 3508 631 3563 Roberto
654 3509 749 3578 Bagot
770 3506 867 3560 recitat
886 3522 1012 3576 grerram
1034 3513 1133 3558 motam
1179 3506 1342 3578 Pembridge
1354 3507 1417 3560 does
1429 3515 1477 3560 not
1487 3506 1592 3576 explain
1605 3506 1800 3578 thediffioulty.

462 3618 518 3653 esse
528 3599 683 3671 inpartibus
693 3597 936 3652 Totemoniaeinter
947 3595 1092 3649 Ricardum
1100 3595 1133 3648 de
1213 3597 1430 3650 'cantat-de
1443 3595 1710 3650 Clonhull.-Pemb.
1742 3598 1846 3653 Hewas

465 3692 544 3744 (liare
557 3698 584 3743 et
598 3689 734 3742 Donatum
750 3689 842 3742 Obren
854 3687 899 3758 qui
913 3705 942 3740 ae
959 3687 1024 3739 dicit
1036 3686 1133 3756 princi·
1175 3687 1303 3757 probably
1314 3687 1419 3740 Robert
1429 3687 1463 3740 de
1472 3686 1603 3749 Clahulle,
1617 3687 1769 3741 mentioned
1781 3689 1844 3742 not.

462 3799 521 3852 pern
534 3780 740 3835 Hibernicornm
752 3778 927 3840 Totemoniae,
937 3777 1133 3848 assignatipsos
1179 3777 1220 3831 ci.
1239 3782 1256 3831 5
1277 3778 1329 3831 Ed.
1346 3778 1384 3830 11.
1399 3781 1441 3838 38,
1462 3777 1508 3830 the
1526 3777 1687 3831 descendant
1705 3777 1737 3831 of
1750 3797 1801 3833 one
1819 3781 1851 3833 oi

462 3873 496 3926 ad
515 3871 688 3924 inhibendum
706 3869 784 3923 dictis
803 3868 921 3923 Ricardo
939 3877 966 3921 et
986 3868 1093 3921 Donato
1106 3876 1133 3921 et
1177 3867 1358 3938 Strongbow’s
1367 3868 1473 3929 barone,
1481 3866 1552 3920 John
1561 3868 1594 3920 de
1601 3867 1847 3931 Clahull,tonbom

462 3963 517 4016 suis
541 3979 574 4014 ne
598 3978 725 4032 guerram
749 3959 822 4013 illam
847 3959 1005 4012 continuare
1035 3976 1134 4028 presu-
1177 3957 1211 4011 be
1223 3975 1299 4029 gave,

462 4051 648 4106 mant—Rea
665 4051 724 4104 Pat.
739 4055 755 4103 3
769 4052 792 4104 u
805 4055 821 4103 4
836 4050 887 4103 Ed.
905 4050 943 4103 11.
957 4053 1000 4102 st.
1283 4083 1390 4094 --
1400 4047 1603 4102 iamarcbausie

500 4145 515 4166 '¹
529 4143 630 4196 Comite
650 4140 960 4201 Wuruici.-Gnvaaton,
974 4138 1135 4192 whohadan
1286 4138 1328 4191 De
1343 4138 1503 4208 heynestere
1515 4138 1542 4191 la
1553 4138 1646 4209 garnie

462 4234 585 4304 unhappy
595 4232 679 4286 taient
687 4231 729 4284 for
737 4231 829 4302 giving
838 4229 1000 4291 nioknames,
1009 4228 1134 4300 bywhich
1286 4229 1330 4282 Od
1343 4228 1501 4290 testatore,
1514 4229 1608 4282 sachez
1621 4230 1654 4282 de
1666 4230 1711 4291 tin,

463 4325 496 4378 be
508 4323 617 4377 amused
628 4321 674 4375 the
686 4322 751 4390 king
763 4321 815 4374 and
827 4320 950 4374 offended
962 4321 1008 4373 the
1022 4319 1135 4390 English
1287 4319 1371 4373 Entrs
1386 4319 1462 4390 Eboy
1474 4337 1489 4372 e
1504 4320 1632 4392 Letbeiyn
1644 4340 1652 4385 ς

465 4415 562 4476 nobles,
582 4413 635 4467 had
653 4412 738 4466 called
752 4411 804 4465 this
823 4411 889 4466 darlr
901 4412 954 4464 and
972 4419 1047 4464 stern
1068 4411 1133 4471 euri,
1462 4411 1543 4482 Conq.
1559 4411 1593 4481 qs
1601 4411 1717 4472 Ireload,
1732 4411 1749 4463 1.
1760 4417 1837 4467 3100.
