4380 5404
1138 647 1206 720 172

485 807 632 888 toribusi]
646 809 701 865 sub
715 827 763 884 spe
775 807 942 883 hujusmodi
954 808 1099 866 facilitatis
1112 810 1194 867 venie
1206 809 1392 885 delinquendi
1403 809 1549 867 audaciam
1563 809 1752 878 sumentibus,
1766 809 1858 867 homi·
1881 837 1884 844 ¹

483 907 562 974 cidia,
575 906 797 983 depredationes,
809 907 939 964 incendia
947 915 976 964 et
985 907 1053 964 elias
1063 907 1180 965 selonias
1193 908 1433 984 perpetrantibus,
1446 917 1593 965 cessarunt
1600 909 1631 964 iu
1638 908 1782 984 plerisque
1791 908 1861 966 locis

484 1005 668 1081 agriculture,
684 1015 713 1062 et
726 1005 899 1062 mercandise
913 1006 978 1081 plus
992 1007 1076 1063 solito
1089 1005 1265 1074 deciderunt,
1281 1007 1321 1064 sic
1334 1007 1395 1082 ipsa
1408 1015 1486 1064 terra
1498 1026 1549 1083 per
1561 1006 1667 1064 seloues
1680 1006 1817 1082 Anglicos
1831 1015 1861 1064 et

485 1104 662 1170 Hibernicos,
678 1104 729 1179 qui
742 1104 797 1160 sub
811 1123 860 1180 spe
872 1103 1040 1179 hujusmodi
1052 1106 1142 1173 venie,
1157 1124 1189 1162 ac
1202 1105 1291 1163 eciam
1300 1124 1353 1180 pro
1366 1124 1399 1162 eo
1412 1105 1490 1180 quod
1503 1104 1600 1162 fideles
1615 1103 1782 1179 hujusmodi
1792 1104 1860 1162 felo-

484 1221 533 1258 nes
545 1201 692 1269 indictare,
714 1220 765 1259 nec
779 1201 814 1258 de
827 1202 867 1259 eis
880 1202 1031 1277 injudicio
1045 1223 1146 1261 verum
1160 1203 1253 1260 dicere
1267 1222 1324 1260 non
1337 1203 1453 1270 audent,
1474 1223 1510 1261 ne
1523 1221 1575 1278 pro
1589 1222 1641 1259 suo
1654 1201 1797 1260 veredicto
1809 1220 1861 1277 per

484 1299 595 1356 eosdem
608 1299 721 1366 felones,
736 1319 788 1374 pro
800 1299 967 1374 hujusmodi
976 1300 1172 1377 redempcione
1181 1301 1318 1370 dimissos,
1330 1302 1496 1359 occidantur
1506 1320 1556 1358 seu
1566 1301 1762 1368 destruantur,
1771 1299 1862 1358 homi·

484 1394 564 1462 sidia,
580 1396 717 1463 incendia,
740 1395 888 1454 latrocinia
901 1406 930 1452 et
944 1396 1159 1473 depredaciones
1177 1398 1357 1455 committere
1369 1417 1426 1455 uon
1439 1400 1621 1467 verebantur,
1643 1418 1695 1456 nec
1708 1397 1801 1455 adhuc
1814 1417 1862 1455 ve·

483 1502 594 1562 rentur,
609 1495 639 1550 in
652 1494 823 1551 immensum
836 1503 879 1551 est
892 1495 1046 1562 destructa,
1061 1495 1251 1570 populusque,
1267 1497 1321 1552 sub
1335 1515 1402 1572 pace
1410 1504 1439 1553 et
1449 1497 1511 1571 lege
1523 1495 1622 1554 nostr&
1629 1497 1726 1553 vivere
1733 1497 1859 1572 cupiens,

483 1593 551 1661 loca,
566 1593 597 1648 iu
610 1593 717 1667 quibus
729 1593 835 1650 morari
848 1593 963 1660 solebat,
985 1613 1131 1662 evacuans,
1154 1613 1186 1652 ea
1198 1594 1340 1652 selonibus
1352 1595 1519 1670 hujusmodi
1531 1595 1606 1652 mala
1618 1596 1860 1671 perpetrantibus,

484 1699 519 1746 ut
532 1700 577 1747 est
589 1690 707 1759 dictum,
722 1691 848 1766 reliquit,
870 1711 921 1767 per
934 1692 1011 1767 quod
1024 1692 1140 1750 ecclesia
1153 1703 1256 1760 sancta,
1282 1712 1338 1768 que
1351 1693 1501 1750 observati
1513 1712 1581 1769 pace
1600 1702 1629 1751 et
1648 1694 1711 1769 lege
1723 1693 1859 1769 predicis,

486 1807 552 1844 suos
562 1789 667 1847 limites
676 1789 759 1865 longe
769 1789 883 1866 lateque
890 1790 1053 1861 diffuderat,
1065 1801 1184 1868 rogante
1190 1789 1320 1869 [vigente
1325 1790 1355 1872 i]
1362 1791 1529 1868 hujusmodi
1536 1793 1648 1850 malicia
1657 1793 1738 1868 quasi
1746 1792 1862 1868 penitus

484 1895 528 1944 est
546 1888 706 1958 destructa3
724 1889 856 1947 ordinare
868 1888 1013 1958 vellemus,
1034 1891 1111 1966 quod
1123 1891 1154 1948 iu
1168 1890 1246 1949 terri
1258 1890 1386 1968 predicti
1399 1891 1528 1966 quolibet
1541 1911 1614 1948 auno
1628 1891 1712 1948 semel
1728 1900 1861 1948 teneatur

484 1984 712 2060 parliamentum,
728 1996 757 2044 et
770 1987 847 2062 quod
861 1989 885 2044 si
898 2007 951 2063 pro
970 1999 1063 2046 morte
1076 1990 1194 2066 Anglici
1207 1990 1241 2047 de
1255 1998 1348 2047 cetero
1367 1989 1486 2048 felonict's
1499 1990 1651 2059 interfecti,
1672 1991 1717 2047 vel
1731 1989 1861 2048 incendio

485 2083 566 2153 sacto,
581 2085 741 2161 redempcio
754 2104 805 2141 seu
818 2085 987 2161 pardonacio
1001 2088 1180 2164 supplicetur
1193 2108 1210 2145 a
1219 2088 1320 2163 justic'
1334 2096 1410 2145 terre
1423 2088 1510 2156 illius,
1526 2097 1596 2146 tunc
1609 2089 1670 2164 ipsa
1683 2107 1748 2156 non,
1763 2088 1820 2144 uisi
1829 2089 1859 2146 in

485 2181 676 2240 Parliamento
693 2193 725 2240 et
738 2183 774 2240 de
786 2203 925 2240 consensu
938 2185 1049 2242 consilii
1062 2192 1091 2242 et
1105 2185 1233 2242 fidelium
1246 2193 1410 2243 nostrorum
1422 2186 1537 2254 ibidem,
1558 2185 1744 2254 concedatur3
1764 2195 1794 2244 et
1807 2205 1860 2262 pro

483 2279 534 2338 illl
548 2281 743 2358 redempcione
755 2281 888 2339 adruinus
907 2292 1024 2340 centum
1043 2284 1184 2341 librarum
1199 2281 1331 2364 [libret]
1345 2303 1398 2360 pro
1417 2285 1566 2342 latrocinio
1579 2305 1646 2342 vero
1659 2285 1705 2342 vel
1725 2284 1859 2361 depreda-

485 2379 564 2436 cione
583 2379 688 2436 valoris
702 2375 858 2457 [valorem]
873 2379 1006 2436 undecim
1025 2375 1231 2457 [duodecimi]
1250 2378 1431 2436 denariorum
1445 2389 1474 2436 et
1489 2380 1565 2438 oboli
1578 2381 1722 2456 attingens
1735 2381 1781 2438 rel
1798 2399 1860 2438 eam

484 2478 622 2535 excedens
636 2474 811 2555 [attingente
824 2475 870 2534 vel
883 2496 949 2533 eum
962 2476 1117 2533 excedente
1122 2472 1152 2554 i]
1163 2475 1199 2532 de
1212 2483 1305 2532 cetero
1317 2475 1496 2551 perpetratis,
1511 2475 1547 2531 ad
1560 2494 1632 2551 opus
1645 2484 1776 2533 nostrum
1790 2495 1859 2551 que-

485 2576 624 2653 druplum
637 2577 774 2652 capiatur,
790 2585 819 2633 et
833 2576 909 2651 quod
922 2575 1090 2651 hujusmodi
1102 2574 1209 2632 selones
1222 2594 1239 2632 a
1251 2574 1332 2650 gaoli
1344 2594 1401 2632 non
1415 2574 1618 2643 deliberentur,
1640 2573 1728 2630 donec
1741 2573 1862 2650 pecunia

485 2675 612 2750 predicta
624 2675 654 2730 in
669 2675 806 2732 scaccario
819 2683 917 2732 nostro
929 2674 1019 2731 fuerit
1032 2675 1184 2749 persoluta

544 2773 572 2830 N
573 2793 604 2831 os
617 2773 709 2848 igitur
722 2773 825 2830 Sancte
838 2773 964 2830 Ecclesia
977 2772 1178 2848 indempnitati
1191 2778 1221 2829 et
1234 2770 1334 2847 populi
1347 2771 1439 2828 nostri
1452 2780 1529 2827 terre
1542 2769 1669 2846 predicte
1676 2769 1822 2828 commodo
1830 2771 1860 2828 et

486 2872 576 2946 quieti
589 2873 621 2927 in
634 2870 686 2928 hac
699 2881 781 2947 parte
797 2871 886 2946 juxta
905 2871 1056 2927 consilium
1069 2870 1212 2927 Fidelium
1232 2878 1396 2928 nostrorum
1416 2869 1545 2944 parcium
1565 2868 1681 2925 illarum
1700 2869 1861 2946 prospicere

484 2971 618 3038 volentes,
633 2979 668 3026 ut
676 2979 816 3038 tenemur,
825 2969 907 3027 vobis
916 2969 1083 3026 mandamus
1093 2969 1171 3044 quod
1180 2968 1340 3025 convocatis
1351 2967 1589 3044 Archiepiscopis,
1604 2967 1858 3044 EpiscopisAbbu·

484 3069 571 3136 tibus,
586 3067 744 3134 Prioribus,
760 3065 929 3133 comitibus,
945 3065 1107 3122 Batonibus
1120 3072 1149 3120 et
1163 3063 1375 3120 communitate
1388 3071 1464 3120 terre
1476 3063 1603 3139 predicte
1615 3082 1700 3138 quam
1714 3063 1772 3120 cito
1784 3083 1859 3120 com-

483 3168 565 3226 mode
574 3166 713 3243 poteritis,
723 3165 886 3240 habitisque
897 3184 983 3240 super
992 3163 1144 3240 premissis,
1159 3171 1189 3221 et
1197 3182 1296 3220 eorum
1304 3162 1431 3220 omnium
1440 3161 1556 3220 consilio
1564 3170 1593 3218 et
1600 3162 1781 3228 avisamento,
1792 3161 1816 3217 si
1824 3161 1860 3218 ad

483 3285 576 3323 unum
583 3264 803 3323 condescendere
810 3262 970 3333 voluerint3
984 3263 1029 3319 vel
1038 3262 1176 3336 requisito
1188 3280 1239 3337 per
1252 3263 1338 3318 breve
1351 3271 1483 3317 nostrum
1497 3262 1551 3318 sub
1565 3260 1666 3336 sigillo,
1679 3279 1736 3335 quo
1745 3259 1858 3317 utimur

484 3366 515 3421 in
533 3364 665 3442 partibus
678 3363 743 3432 illis,
765 3362 966 3420 discreciorum
985 3362 1160 3437 prelatorum
1180 3369 1210 3418 et
1226 3369 1393 3436 magnatum
1412 3367 1577 3417 nostrorum
1596 3358 1725 3434 parcium
1745 3358 1860 3415 illarum

485 3465 635 3541 separatim
648 3463 772 3530 consilio,
788 3462 812 3519 si
825 3481 862 3520 ex
875 3461 960 3519 causi
973 3460 1101 3538 legitime
1114 3461 1264 3519 convenire
1273 3480 1330 3519 non
1343 3469 1471 3536 possunt,
1486 3459 1668 3533 racionesque
1678 3457 1858 3533 singulorum

485 3564 652 3621 nominatim
665 3562 822 3629 inserendo,
844 3579 930 3637 super
943 3579 1001 3636 quo
1013 3561 1059 3618 vel
1072 3561 1179 3636 quibus
1193 3559 1318 3616 viderint
1332 3568 1437 3616 terram
1451 3557 1607 3634 predictam
1620 3557 1739 3614 uberius
1751 3555 1858 3632 populo

484 3673 581 3722 nostro
595 3659 752 3737 tranquilli
764 3679 832 3736 pace
845 3657 1039 3735 multiplicari,
1061 3658 1213 3732 ipsumque
1225 3656 1366 3732 populum
1379 3653 1437 3730 qui
1457 3655 1518 3729 lege
1537 3662 1566 3711 et
1579 3652 1785 3711 consuetudine
1798 3652 1858 3710 fore

484 3761 684 3838 pertractand’,
693 3779 729 3817 sn
742 3758 875 3816 videlicet
887 3757 949 3833 lege
962 3754 1120 3833 prenotatis,
1135 3755 1181 3813 vel
1194 3755 1318 3812 remedio
1331 3753 1494 3829 supradicto
1508 3751 1659 3810 statuendo
1672 3752 1707 3810 de
1719 3751 1857 3828 perdona-

484 3861 563 3918 cione
576 3859 703 3917 faciendi
715 3859 746 3915 in
764 3857 965 3934 parliament03
986 3855 1046 3912 Nos
1059 3855 1095 3912 de
1108 3874 1141 3912 eo
1154 3853 1231 3930 quod
1244 3854 1275 3909 in
1294 3852 1347 3910 hac
1367 3861 1448 3928 parte
1461 3871 1511 3928 per
1525 3871 1575 3909 vos
1594 3859 1623 3909 et
1636 3851 1727 3908 dictos
1746 3850 1858 3908 Fideles

483 3968 594 4018 nostros
607 3976 693 4034 super
705 3955 856 4033 premissis,
878 3963 913 4011 ut
926 3953 1088 4030 predictum
1101 3961 1152 4020 est,
1167 3951 1320 4027 contigerit
1333 3949 1451 4008 diffiniri
1464 3950 1525 4007 sine
1537 3949 1675 4008 dilacione
1687 3947 1783 4024 aliqud
1797 3967 1857 4005 oer-

484 4058 598 4116 tifioetis
617 4056 672 4115 sub
686 4055 779 4131 sigillo
791 4063 889 4110 nostro
902 4052 1038 4129 predicto,
1059 4062 1095 4108 ut
1107 4050 1173 4108 inde
1186 4050 1339 4118 certiorati,
1355 4049 1478 4106 ulterius
1498 4049 1564 4107 inde
1576 4048 1611 4106 de
1624 4049 1740 4107 oonsilio
1760 4057 1858 4105 nostro

485 4157 582 4214 taliter
594 4155 766 4223 ordinemus,
781 4153 857 4229 quod
871 4173 908 4210 ex
915 4152 968 4209 hoc
982 4152 1069 4209 timor
1076 4151 1237 4208 incutiatur
1246 4149 1488 4225 delinquentibus,
1503 4148 1667 4224 acpopulus
1676 4156 1772 4204 noster
1782 4155 1859 4204 terre

484 4254 611 4331 predicte
620 4253 723 4310 melius
735 4252 827 4309 valeat
841 4251 1015 4328 prosperari;
1026 4250 1206 4307 remittentes
1219 4249 1301 4306 nobis
1313 4247 1367 4304 hoc
1374 4246 1541 4303 breve-T.
1553 4247 1586 4302 R.
1595 4246 1672 4321 apud
1680 4245 1789 4303 Linool'
1797 4245 1856 4301 viii.

486 4355 531 4411 die
546 4352 682 4430 Augusti,
697 4371 741 4412 an.
755 4351 849 4410 roEd
862 4351 899 4408 11.
913 4349 994 4426 1316.
1036 4349 1092 4407 Per
1105 4348 1272 4425 petitionem
1282 4347 1317 4404 de
1331 4346 1619 4424 Consilio-Idymes,
1634 4344 1689 4403 vol.
1703 4345 1732 4401 ii.
1742 4364 1768 4420 p.
1781 4360 1844 4419 293.

1735 4440 1788 4497 No.
1803 4439 1855 4496 IV.
