4380 5404
1134 624 1202 710 164

472 800 563 864 Obiit
577 801 721 866 dominus
737 800 875 868 Thomas
888 800 972 867 filius
987 803 1127 888 ejusdem
1142 802 1286 879 Maurici,
1302 804 1399 867 Anno
1414 801 1544 867 Domini
1560 802 1622 866 ΜΟ.
1632 827 1676 869 oc.
1686 803 1731 867 lx.

472 910 562 976 Obiit
577 909 722 976 dominus
736 910 864 988 Oselias‚
880 910 1025 975 dominus
1039 912 1061 976 J
1062 911 1177 976 ohanes
1191 910 1275 974 filius
1291 909 1424 984 Thome,
1439 907 1558 994 primus
1566 905 1713 972 fundator
1723 931 1859 972 conven-

535 1029 585 1079 tus
594 1015 712 1079 ordinis
726 1015 955 1102 predicatorum
971 1015 1011 1080 de
1024 1015 1130 1103 Traly‚
1147 1030 1179 1080 et
1194 1015 1338 1080 dominus
1354 1013 1527 1079 Mauricius
1541 1014 1624 1080 filius
1639 1015 1788 1101 ejusdem,
1804 1017 1858 1101 qui

537 1118 692 1184 interfecti
706 1118 834 1184 fuerunt
851 1119 886 1182 in
906 1117 975 1184 loco
995 1121 1051 1206 qui
1071 1135 1200 1186 vocatur
1218 1121 1328 1186 Oallan
1345 1122 1379 1186 in
1396 1122 1589 1199 Dessmonia,
1611 1125 1708 1188 Anno
1728 1124 1859 1190 Domini

536 1226 598 1289 M⁰.
610 1251 654 1291 cc.
667 1226 737 1290 lxx.
752 1240 785 1290 et
799 1225 912 1312 sepulti
927 1240 1000 1291 sunt
1014 1227 1048 1291 in
1063 1229 1249 1294 monasterio
1265 1229 1304 1294 de
1320 1230 1419 1317 Traly
1432 1229 1466 1292 in
1481 1229 1599 1294 boreali
1613 1245 1709 1317 parte.

472 1334 563 1400 Obiit
581 1334 727 1399 dominus
747 1332 885 1397 Thomas
905 1331 1062 1411 Mauricii‚
1082 1334 1179 1398 Anno
1199 1333 1329 1399 Domini
1351 1335 1415 1398 M0.
1430 1358 1474 1399 cc.
1493 1358 1543 1399 xc.
1561 1335 1602 1398 vi.
1618 1349 1650 1400 et
1668 1336 1807 1423 sepultus
1826 1336 1859 1399 in

537 1440 641 1504 medio
657 1439 763 1504 Obori.

472 1548 563 1614 Obiit
571 1546 744 1612 Mauricius
755 1546 838 1612 filius
844 1547 966 1611 Thome
978 1547 1097 1634 primus
1106 1571 1209 1614 comes
1218 1547 1423 1636 Dessmonye,
1432 1548 1529 1612 Anno
1535 1546 1665 1612 Domini
1676 1547 1806 1612 M⁰.ccc.
1814 1546 1858 1610 lx.

537 1671 612 1742 aput
627 1654 791 1741 Dnblinya
805 1667 837 1718 et
850 1654 872 1718 J
874 1651 1048 1718 usticiarius
1064 1653 1239 1740 Hybemye
1254 1666 1328 1717 erat.

473 1760 565 1825 Obiit
586 1760 731 1825 dominus
755 1759 928 1825 Mauricius
951 1759 1035 1824 filius
1061 1760 1206 1837 Maurici,
1231 1761 1384 1826 secundus
1408 1783 1511 1825 comes
1535 1759 1738 1846 Dessmonye‚
1763 1758 1859 1822 Anno

537 1863 667 1927 Domini
683 1862 744 1926 ΜΟ.
756 1887 819 1928 coc.
830 1862 850 1926 l.
864 1861 918 1926 vii.

472 1966 563 2031 Obiit
578 1966 723 2030 dominus
737 1967 759 2031 J
760 1965 898 2029 ohannes
912 1963 995 2028 filius
1009 1963 1150 2050 ejusdem
1166 1966 1296 2042 comitis,
1312 1966 1409 2032 Anno
1425 1967 1555 2032 Domini
1570 1967 1631 2032 ΜΟ.
1645 1967 1763 2033 ccclx.
1779 1968 1826 2033 ix.

472 2072 563 2136 Obiit
572 2071 722 2136 'dominus
738 2071 891 2137 Geraldus
906 2071 989 2135 filius
1005 2071 1162 2148 Mauricii‚
1178 2073 1275 2137 Anno
1291 2075 1421 2138 Domini
1436 2074 1498 2138 ΜΟ.
1509 2099 1589 2140 ccco.
1602 2074 1622 2138 i.

472 2178 562 2243 Obiit
577 2179 722 2243 dominus
734 2179 873 2243 Thomas
882 2177 964 2242 filius
973 2179 995 2243 J
996 2179 1133 2244 ohannes
1148 2204 1251 2245 comes
1266 2183 1460 2270 Deasmonyc
1475 2183 1509 2246 in
1524 2206 1620 2269 regno
1636 2180 1767 2246 Francis
1782 2181 1860 2246 civi-

535 2299 598 2349 tate
614 2284 808 2370 Rothomag:
823 2283 857 2347 in
872 2282 1034 2370 provincia
1048 2282 1236 2360 Normoniae,
1252 2286 1349 2348 Anno
1366 2283 1495 2348 Domini
1511 2283 1572 2348 ΜΟ.
1584 2307 1664 2348 cccc.
1677 2307 1734 2347 xx.

471 2391 563 2456 Obiit
577 2391 722 2456 dominus
736 2392 757 2456 J
759 2392 873 2456 acobus
887 2390 970 2454 filius
986 2390 1115 2455 Geraldi
1130 2414 1233 2455 comes
1249 2391 1441 2468 Dessmonie,
1453 2393 1550 2455 Anno
1563 2389 1692 2454 Domini
1702 2389 1766 2452 ΜΟ.
1778 2413 1859 2454 coco.

535 2496 580 2560 lx.
593 2497 625 2561 ii.

472 2602 486 2681 [
590 2606 604 2686 ]
622 2600 766 2664 dominus
782 2599 920 2663 Thomas
935 2598 1017 2663 filius
1032 2597 1173 2683 ejusdem
1188 2598 1299 2662 Jacobi
1315 2621 1417 2662 comes
1432 2597 1602 2662 Desmonie
1617 2611 1649 2663 et
1661 2599 1859 2666 Justiciarius

536 2708 691 2772 Hibernie
708 2708 762 2792 qui
777 2705 890 2794 gladiis
905 2705 1073 2793 impiorum
1084 2721 1160 2791 aput
1175 2703 1395 2791 Drohudhahy
1414 2701 1570 2778 occubuit,
1591 2715 1622 2766 et
1633 2703 1741 2789 pocius
1756 2702 1858 2768 dicam

536 2829 655 2901 martyr
670 2813 799 2878 Christi‘
819 2812 947 2877 effectus
962 2825 1017 2887 est,
1034 2813 1131 2874 Anno
1148 2809 1277 2873 Domini
1293 2809 1355 2873 ΜΟ.
1368 2833 1448 2875 cccc.
1458 2808 1503 2872 lx.
1513 2808 1579 2893 viij.

472 2923 486 3003 [
587 2919 764 3006 ]dominus
778 2919 915 2984 Jacobus
930 2917 1156 3004 primogenitus
1179 2915 1312 3003 predicti
1329 2915 1453 2980 Thome
1475 2937 1577 2980 comes
1600 2912 1806 3003 Dessimonye
1828 2930 1860 2980 et

534 3025 646 3115 gladiis
661 3025 830 3112 impiorum
843 3024 878 3088 in
892 3024 978 3089 curia
993 3023 1032 3088 dc
1048 3022 1179 3110 Ragely‚
1195 3023 1293 3086 Anno
1304 3020 1435 3085 Domini
1447 3019 1493 3083 M.
1505 3044 1585 3084 coco.
1597 3019 1691 3083 lxxx.
1703 3019 1745 3084 vi.

470 3133 561 3197 Obiit
580 3132 724 3196 dominus
744 3129 915 3195 Mauricius
934 3129 1016 3193 filius
1037 3128 1160 3193 Thome
1184 3151 1287 3194 comes
1311 3125 1495 3192 Dessmonie
1514 3124 1548 3189 in
1567 3125 1643 3191 villa
1664 3125 1703 3192 de
1722 3126 1857 3214 Dageth,

534 3241 632 3302 Anno
647 3235 776 3301 Domini
793 3235 883 3324 M⁰.[
1012 3240 1026 3320 ]
1044 3258 1100 3298 xx.
1112 3233 1158 3297 ix.

472 3347 486 3427 [
575 3351 640 3431 ]-ra
656 3343 771 3409 femina
786 3341 912 3407 domina
929 3341 1055 3405 Morina
1071 3338 1252 3426 Mykearull
1264 3337 1428 3415 comitissa,
1444 3362 1500 3425 pro
1515 3338 1604 3422 cujus
1620 3337 1724 3403 anima
1741 3340 1859 3427 recepit

547 3466 593 3517 sta
604 3450 771 3516 advincula
783 3447 1004 3533 [adminicula]
1016 3447 1114 3511 multa
1125 3461 1157 3511 ct
1168 3445 1268 3510 varias
1280 3445 1464 3518 elimosinas,
1478 3443 1749 3530 M⁰.cccc.xl.viij.

472 3561 486 3640 [
575 3556 743 3644 ]preclara
768 3555 884 3620 femina
904 3552 1031 3618 domina
1052 3552 1225 3617 Katherina
1250 3551 1361 3615 Butler
1386 3549 1541 3616 comitissa
1564 3573 1620 3636 pro
1644 3551 1734 3636 cujus
1756 3551 1858 3618 anima

536 3659 653 3746 recepit
672 3673 844 3723 conventus
868 3657 925 3720 ista
945 3654 1112 3720 advincula
1132 3654 1355 3740 [adminicula]
1376 3654 1475 3718 multa
1495 3665 1527 3718 et
1549 3654 1649 3718 varias
1668 3655 1858 3723 elismosinas

537 3767 603 3828 xvii
620 3765 731 3829 Marcii
750 3765 809 3827 ΜΟ.
822 3788 919 3828 ccccc.
933 3763 989 3848 liij.

1768 3871 1859 3935 Obiit

473 4041 519 4092 the
534 4037 690 4091 Geraldines
703 4037 725 4090 is
738 4038 843 4092 written
856 4038 883 4090 in
895 4055 912 4091 a
930 4038 1054 4091 different
1072 4038 1143 4092 band
1221 4039 1347 4107 'Mar-lyr
1359 4037 1544 4091 Christi-So
1554 4037 1666 4091 difficolt
1674 4038 1696 4090 is
1707 4037 1728 4090 it
1736 4045 1764 4090 to
1772 4039 1857 4092 eradi·

474 4130 526 4184 and
544 4129 589 4182 inlr
608 4128 677 4181 from
696 4129 741 4181 the
763 4128 865 4182 Annals
882 4128 934 4180 and
956 4128 1034 4182 Obits
1051 4129 1083 4182 os
1097 4128 1143 4183 tbe
1186 4125 1855 4198 catetbelongentertainedopinionsosthepeople,

476 4221 592 4281 Butlers,
614 4219 668 4271 and
679 4236 762 4272 seems
774 4229 803 4272 to
816 4219 882 4272 bave
894 4219 959 4272 been
977 4219 1143 4273 transcribed
1188 4221 1240 4273 and
1253 4219 1329 4272 those
1349 4219 1422 4272 ideas
1440 4218 1472 4270 of
1480 4217 1602 4288 superior
1620 4227 1757 4287 greatness
1770 4218 1855 4271 which

474 4311 543 4362 from
558 4309 602 4362 the
618 4307 761 4377 Mortiloge
782 4307 814 4361 of
826 4308 968 4369 Askeaton,
988 4326 1019 4361 or
1031 4308 1063 4362 of
1071 4327 1144 4364 some
1187 4309 1250 4378 they
1260 4307 1310 4362 feel
1325 4309 1441 4362 towards
1453 4308 1523 4361 their
1537 4308 1668 4362 favourite
1681 4308 1781 4370 nobles,
1795 4309 1853 4362 that

475 4399 552 4452 other
566 4398 647 4451 house
659 4396 776 4450 founded
788 4397 821 4467 by
835 4397 881 4451 the
896 4397 1053 4451 Desmonds.
1187 4415 1252 4451 even
1262 4397 1288 4450 in
1301 4413 1351 4450 one
1361 4397 1482 4456 hundred
1492 4397 1645 4469 yearsafter
1655 4396 1700 4450 the
1708 4397 1755 4449 fall
1763 4396 1796 4450 of
1803 4397 1856 4452 thia
