4386 5416
1136 618 1160 680 4

451 771 515 842 huc
530 775 625 852 venit,
637 774 727 860 cujus
740 772 855 862 posteri
869 797 941 839 oum
955 795 1017 842 200
1028 796 1124 839 annos
1138 773 1299 862 regionem
1313 774 1517 853 incoluerant,
1532 786 1687 863 postremo
1702 775 1842 842 maxima

452 895 539 970 peste
552 880 697 958 infestati,
712 879 821 946 relicta
834 903 933 946 vacua
944 879 1099 945 Hibernia
1113 879 1147 945 in
1161 880 1294 968 patriam
1305 893 1490 948 remearunt.

518 999 559 1069 4⁰.
584 1010 613 1074 5.
638 986 732 1052 duces
747 985 911 1052 (iermani‘¹
936 1009 954 1050 e
975 984 1094 1051 familia
1118 986 1268 1051 Munethi
1282 991 1334 1070 (ut
1355 986 1467 1072 fertur)
1490 986 1611 1073 filiique
1636 987 1738 1052 Diolae
1760 987 1842 1053 hanc

452 1093 613 1181 regionem
636 1104 835 1180 occupamnt.
872 1091 998 1156 Horum
1019 1091 1147 1157 nomina
1164 1091 1251 1158 fuere
1266 1092 1414 1171 Gandias,
1426 1092 1618 1170 Gennadius,
1636 1093 1841 1182 Sangandius,

455 1200 643 1288 Ruthargus‚
667 1212 700 1264 et
720 1198 892 1275 Slamabus,
919 1197 974 1284 qui
999 1198 1176 1264 universam
1197 1199 1358 1288 regionem
1379 1198 1413 1263 in
1442 1200 1581 1286 quinque
1601 1212 1715 1287 partese
1738 1199 1841 1264 distri-

453 1306 598 1382 buerunt,
621 1327 754 1390 quarum
769 1327 956 1390 unaquaque
978 1317 1076 1369 certas
1095 1303 1308 1370 habitationes
1330 1305 1521 1372 centenarias
1540 1311 1629 1391 (quas
1650 1305 1843 1372 Canthredas

454 1415 580 1492 vocant)
604 1409 753 1474 continet
799 1409 980 1487 Momomia,
1001 1407 1150 1474 videlicet
1167 1409 1359 1488 Mownister,
1381 1433 1421 1497 70
1440 1411 1552 1478 habet:
1575 1410 1712 1488 Ultonia,
1733 1410 1842 1488 idest,

455 1517 569 1593 Ulster,
582 1541 599 1602 3
603 1539 620 1603 5
632 1540 639 1580 :
649 1514 791 1603 Laginia,
803 1514 837 1579 id
848 1527 902 1591 est,
915 1514 1066 1592 Lenister‚
1080 1538 1116 1602 31
1129 1540 1137 1580 r
1153 1515 1321 1593 Connaeia,
1333 1516 1367 1581 id
1377 1529 1431 1593 est,
1438 1517 1637 1605 Connaghth‚
1650 1540 1707 1604 30:
1723 1517 1842 1594 Metha,

460 1631 506 1689 18.
530 1622 654 1687 Harum
668 1621 917 1687 Canthedrarum
935 1645 1131 1707 unaquaque,
1147 1645 1188 1707 30
1211 1621 1327 1709 oppida
1340 1621 1375 1686 in
1395 1645 1426 1688 se
1448 1622 1552 1700 habet.
1568 1647 1699 1709 quarum
1721 1623 1845 1711 singula

454 1731 551 1794 boum
567 1751 629 1815 300
644 1750 757 1815 pascus
770 1727 896 1803 habent,
912 1727 966 1813 qui
975 1726 1010 1790 in
1024 1741 1195 1810 4armenta
1209 1727 1310 1793 divisa
1324 1728 1395 1793 satis
1405 1728 1444 1793 ad
1454 1729 1644 1816 pascendum
1658 1729 1719 1794 loci
1730 1729 1844 1795 habere

456 1847 592 1922 possunt,
609 1833 857 1920 unumquodque
871 1832 965 1899 etiam
980 1832 1133 1921 oppidum
1148 1845 1218 1899 coto
1233 1845 1404 1898 aratrorum
1418 1834 1519 1899 solum
1533 1833 1658 1901 habent.

520 1940 732 2006 Numerantur
751 1939 849 2028 igitur
863 1939 1082 2005 Canthredraef.
1103 1947 1170 2026 183.
1188 1941 1284 2026 [184]
1297 1940 1413 2026 oppida
1428 1961 1520 2027 5520.
1554 1941 1721 2006 Amtiones
1741 1954 1844 2006 autem

459 2054 563 2130 24180
580 2049 720 2133 [44160]
736 2047 848 2123 Boves,
868 2051 1031 2133 1656‚000.
1517 2045 1519 2050 ’

521 2152 582 2218 His
596 2153 788 2239 temporibus
802 2151 958 2217 Hibemia
974 2151 1100 2218 Sooriaes
1114 2175 1228 2218 nomen
1242 2151 1362 2228 habuit,
1385 2165 1417 2218 et
1438 2151 1548 2218 incolae
1571 2152 1656 2220 Scoti
1676 2153 1753 2219 dicti
1763 2166 1844 2231 sunt,

457 2260 565 2347 lingua
579 2283 687 2324 eorum
703 2257 820 2334 Gelien,
833 2281 852 2322 a
866 2256 987 2323 Geledo
1002 2257 1147 2343 quodam.

522 2365 651 2430 Milonis
673 2364 755 2452 regis
777 2363 939 2448 cujusdam
955 2387 975 2445 4
989 2363 1056 2441 filii,
1068 2387 1141 2429 cum
1160 2367 1202 2430 60
1220 2364 1352 2429 navibus
1366 2362 1401 2428 in
1426 2364 1624 2452 Hybemiam
1649 2363 1844 2452 appulerunt,

458 2471 571 2537 horum
583 2471 647 2536 duo
657 2470 789 2555 majores
805 2469 944 2536 Hiberus
958 2481 991 2535 et
1005 2470 1166 2536 Heremon
1180 2469 1340 2558 regionem
1355 2469 1532 2536 universam
1541 2469 1574 2534 in
1586 2470 1662 2535 duas
1673 2470 1848 2536 divisenmt

457 2591 568 2666 partes,
593 2601 724 2664 quarum
747 2575 989 2664 septentrionem
1004 2576 1170 2664 occupavit
1184 2576 1332 2653 Hiberus,
1352 2576 1495 2641 Hermon
1517 2576 1690 2642 australem.
1720 2577 1775 2642 Ab
1785 2577 1846 2642 hoc

459 2684 581 2750 Hibero
594 2683 689 2770 regio,
707 2680 812 2748 Scotia
826 2681 925 2766 major
940 2681 1104 2759 antedicta,
1120 2681 1283 2747 Hiberniae
1298 2704 1413 2746 nomen
1427 2681 1571 2770 suscepit.
1587 2683 1603 2765 [
1829 2687 1845 2769 ]

460 2793 475 2872 [
602 2817 607 2824 ·
1139 2793 1154 2874 ]
1177 2786 1313 2863 dissidio,
1335 2787 1474 2853 Hiberus
1499 2787 1532 2851 in
1556 2788 1572 2870 [
1829 2796 1845 2876 ]

461 2897 476 2976 [
1198 2883 1402 2979 ]Heremoni
1413 2891 1533 2978 juniori
1547 2893 1645 2971 cessit,
1662 2894 1716 2980 qui
1728 2894 1847 2983 primus

460 3000 476 3082 [
1194 3003 1262 3084 ]-us
1276 3011 1331 3063 est.

526 3108 540 3188 [
1217 3102 1394 3190 ]·rioanus¹²,
1410 3116 1481 3192 post
1494 3117 1625 3170 mortem
1640 3104 1706 3169 divi
1719 3105 1848 3172 Patrieii

1804 3218 1845 3278 60

458 3349 581 3410 tempora
591 3336 748 3398 Salomonis,
763 3373 770 3388 .
783 3373 808 3389 ..
826 3335 899 3390 Scoti
911 3353 945 3390 ex
959 3335 1089 3407 Hispania
1099 3336 1127 3389 in
1171 3352 1283 3406 ppuv,
1294 3335 1364 3390 xxvi.
1400 3335 1450 3390 See
1459 3336 1515 3390 also
1527 3319 1645 3408 Proleg„
1657 3355 1701 3409 pp.
1709 3337 1775 3400 xliii,
1783 3339 1846 3392 xliv.

462 3427 620 3482 Hiberniam
645 3427 751 3498 (quinta
773 3411 896 3494 Colonia)
923 3425 1073 3497 pervenisse
1101 3425 1129 3478 in
1209 3426 1220 3456 ⁴¹
1245 3426 1538 3499 Germani-Perhaps
1553 3427 1681 3482 Germani
1701 3428 1797 3482 should
1814 3430 1847 3482 be

460 3519 581 3573 omnibus
610 3517 709 3572 nostris
744 3516 883 3570 annalibus
919 3526 946 3571 et
976 3515 1133 3588 fragmentis
1175 3516 1323 3570 translated
1341 3517 1481 3572 Germana.
1522 3518 1588 3573 This
1598 3537 1651 3573 was
1660 3518 1847 3591 theBelgieor

459 3609 578 3664 metricis
614 3607 746 3662 constanti
778 3607 922 3661 traditione
950 3607 1128 3662 celebrantur.
1176 3607 1286 3679 Firbolg
1298 3608 1400 3680 colony.

462 3699 504 3753 De
523 3706 638 3770 quatuor
661 3697 753 3768 primis
777 3696 886 3750 coloniis
911 3697 1000 3751 omnia
1029 3697 1132 3750 incerta
1211 3698 1383 3770 ‘Inquinqne
1391 3698 1731 3771 purten—Thelivemore
1742 3702 1848 3756 ancient

461 3796 532 3843 sunt.
578 3789 715 3850 Quantum
732 3805 780 3858 per
799 3787 895 3859 spissas
916 3795 959 3841 tot
976 3786 1133 3840 saeculorum
1176 3788 1379 3843 divisionswera
1394 3789 1681 3854 Leinster,Desmond,
1696 3791 1846 3856 Thomond

462 3879 585 3934 tenebras
605 3878 755 3932 discurrere
775 3877 848 3941 licat,
869 3877 1035 3931 Britannicas
1052 3877 1134 3931 fuisse
1179 3878 1349 3951 Connaught,
1362 3880 1415 3933 and
1430 3880 1532 3935 Ulster.
1571 3882 1625 3935 For
1638 3882 1712 3935 these
1722 3883 1847 3938 divisions

464 3979 492 4025 et
510 3969 657 4042 prasertim
669 3987 702 4023 ex
717 3968 854 4023 cornubia
865 3969 1001 4031 deductas,
1014 3977 1042 4022 et
1059 3968 1134 4039 qnid·
1177 3987 1221 4024 see
1236 3971 1371 4033 0'Conor,
1394 3970 1468 4024 Prol.
1488 3988 1532 4043 pp.
1552 3971 1618 4034 lviii,
1639 3972 1687 4036 lix,
1708 3974 1761 4027 and
1784 3975 1844 4029 Bib.

463 4061 527 4133 quid
539 4061 607 4114 certi
618 4061 653 4114 ds
670 4060 891 4122 Damnoniorum,
904 4059 1057 4131 Belgarum,
1074 4059 1131 4113 Mo·
1175 4061 1304 4115 Stowens.
1317 4061 1376 4114 Vol.
1393 4062 1415 4116 1.
1427 4080 1454 4133 p.
1472 4065 1529 4116 146.

462 4151 610 4223 napiornm,
632 4157 660 4204 et
681 4149 841 4221 Brigantum
857 4150 963 4221 Magna
977 4148 1129 4211 Britannia,
1208 4151 1558 4206 ‘Ounttredre-Dieitur
1583 4153 1749 4210 Cantaredus
1775 4173 1846 4211 coru·

462 4243 565 4314 origine
576 4247 719 4302 statuatur,
727 4239 756 4292 id
766 4239 912 4303 Danannis,
923 4239 1064 4311 Firbolgis,
1075 4239 1131 4293 Me·
1174 4241 1261 4314 posito
1281 4259 1315 4295 ex
1331 4241 1436 4314 vulgari
1456 4243 1585 4297 vocabulo
1609 4253 1665 4298 tarn
1687 4246 1849 4318 Brytannica

462 4333 546 4404 naplis
577 4339 605 4386 et
630 4329 803 4402 Brigantibus
829 4329 965 4384 Hibernia
993 4347 1132 4384 commune
1175 4349 1254 4403 quam
1274 4332 1420 4386 Hibernioa
1439 4333 1540 4406 lingua,
1559 4342 1635 4389 tanta
1653 4344 1733 4391 terrae
1749 4337 1847 4408 portio,

462 4425 543 4478 fuisse
572 4419 896 4485 existimo.”-0'Conor‚
930 4421 1131 4492 prolegomena,
1176 4430 1276 4493 quanta
1290 4426 1339 4476 100
1356 4423 1430 4478 villas
1449 4423 1584 4480 continere
1596 4426 1672 4481 solet.
1704 4427 1846 4498 Topllib.
