4386 5416
1166 545 1206 616 18

531 735 619 813 1185.
642 723 1083 801 Johannes¹‚Henricifi1ius,
1109 724 1274 813 Hyberuia
1296 749 1315 792 a
1335 737 1422 813 patre
1441 724 1582 804 donatus,
1606 723 1786 792 Glocestriae
1810 724 1851 790 ad

463 833 577 918 equitis
592 832 691 898 aurati
705 829 855 897 honorem
869 843 1042 919 provectus,
1062 855 1177 920 magno
1202 856 1274 897 cum
1297 830 1439 897 exercitu
1454 830 1651 918 Hyberniam
1677 830 1847 920 navigavit,

463 952 609 1006 uetusta
628 940 729 1024 [12?]
751 961 856 1013 anuos,
877 961 959 1002 anno
978 951 1048 1024 post
1070 937 1239 1003 adventum
1259 936 1362 1024 patris,
1383 939 1452 1023 13⁰3
1475 936 1602 1002 Ricardi
1626 936 1756 1014 comitis,
1780 939 1850 1018 14⁰;

462 1045 569 1130 patris·
584 1043 716 1110 Henrici
732 1067 742 1108 1
749 1046 800 1130 5⁰3
814 1045 848 1109 8ο
864 1067 983 1108 menses
997 1041 1030 1106 in
1046 1042 1210 1130 Hybernia
1225 1056 1407 1120 comoratus,
1419 1042 1453 1106 in
1463 1041 1616 1129 Angliam
1630 1042 1804 1108 revertitur.

531 1155 620 1217 1186.
643 1151 741 1238 Hugo
757 1149 869 1214 Lanius
884 1149 1067 1215 Derwatheb
1081 1172 1136 1235 per
1150 1147 1277 1214 insidias
1288 1150 1328 1214 ab
1343 1147 1487 1214 Hiberno
1503 1147 1638 1234 quodam
1653 1149 1771 1214 occisus
1792 1159 1847 1223 est,

421 1309 423 1314 ,
462 1279 544 1334 cum,
560 1256 594 1320 in
606 1255 769 1321 condendo
781 1255 916 1340 quodem
931 1268 1040 1331 castro,
1056 1277 1127 1320 eum
1145 1253 1269 1320 doceret
1284 1279 1346 1341 quo
1356 1266 1447 1341 pacto
1456 1277 1582 1342 operare
1598 1267 1760 1341 oporteret,
1776 1277 1849 1319 curn

461 1363 547 1428 enim
570 1375 691 1449 arrepto
706 1362 911 1426 instrumento
927 1374 1039 1426 terram
1053 1361 1246 1448 percutiente
1265 1359 1438 1436 inclinaret,
1454 1359 1616 1425 Hibernos
1634 1359 1735 1424 securi
1754 1373 1849 1446 caput

459 1469 489 1532 ei
502 1467 683 1554 amputavit.
704 1466 846 1553 Reliquit
857 1467 935 1532 duos
945 1465 1023 1530 filios
1039 1464 1224 1532 Gualterum
1238 1478 1270 1530 et
1281 1464 1461 1553 Hugooem‚
1474 1489 1532 1531 neo
1546 1464 1687 1530 ulterius⁰
1701 1465 1849 1553 processit

460 1573 633 1660 Hyberniae
659 1572 845 1660 subjugatio.
894 1571 1030 1636 Moritur
1058 1569 1267 1637 Christianus‘1
1295 1571 1470 1662 episeopus
1487 1571 1699 1649 Lismorensis,
1728 1571 1848 1660 legatus

461 1680 618 1766 quondam
634 1679 805 1745 Hiberniae.

530 1793 618 1871 1187.
643 1784 797 1850 Conditor
811 1783 1032 1849 monasterium
1047 1782 1086 1847 de
1096 1782 1180 1847 Ines‘
1191 1781 1225 1847 in
1240 1781 1378 1848 Ultonia.

530 1899 618 1978 1189.
641 1891 778 1957 Moritur
790 1890 947 1955 Henricus
961 1913 1028 1955 rex.
1063 1887 1218 1953 Conditor
1236 1886 1457 1954 monasterium
1471 1888 1510 1954 dc
1529 1887 1618 1955 Colle
1632 1886 1801 1964 Victoriaef,
1814 1887 1847 1952 id

461 2009 507 2060 est
521 1997 692 2083 Cnocmoy.

526 2104 541 2184 [
608 2101 800 2188 ]Dublinia
815 2100 897 2166 arsit.

526 2210 541 2290 [
608 2213 622 2294 ]
647 2207 802 2272 Conditor
821 2205 1042 2272 monasterium
1063 2204 1102 2271 de
1116 2206 1202 2293 Jogo
1222 2204 1308 2282 Deir
1325 2204 1419 2270 Whit
1434 2205 1559 2293 Abbey,
1582 2203 1754 2270 Hibemice
1774 2203 1844 2268 Mo·

459 2314 905 2506 ῃθεῗξῗᾎτοὴὶερὶεοορυε
920 2417 1133 2483 Caesellensish
1148 2415 1320 2504 Hyberniae
1346 2415 1475 2503 legatus,
1499 2429 1531 2480 et
1553 2416 1712 2480 Johannes
1727 2414 1844 2480 archie-

462 2526 605 2613 piscopus
620 2523 789 2599 Dublinr'ae,
806 2547 918 2610 corpus
933 2523 1080 2612 Hugonis
1096 2522 1183 2588 Lacii
1196 2521 1264 2608 (qui
1275 2521 1408 2588 Midiam
1420 2522 1595 2604 domuerat)
1610 2545 1653 2586 ex
1662 2520 1845 2608 Hybernr'ca

1754 2627 1846 2714 plaga

496 2762 509 2785 ¹
519 2756 742 2812 ledanum-He
761 2756 858 2810 lauded
878 2764 907 2810 et
922 2756 1080 2811 Waterford
1097 2773 1131 2809 011
1174 2754 1206 2808 οἲ
1216 2753 1300 2825 Hugh
1309 2754 1342 2808 de
1354 2755 1434 2825 Lacy,
1449 2761 1465 2788 ‘⁴
1476 2752 1591 2824 quodibi
1600 2752 1844 2824 cessaritconques-

463 2849 631 2918 Wednesday
650 2847 678 2900 in
701 2848 797 2901 Easter
816 2847 898 2910 wael,
922 2847 999 2918 April
1018 2847 1131 2901 neth...
1173 2846 1244 2898 tus.'’
1269 2844 1324 2898 Did
1336 2843 1399 2906 this,
1411 2843 1464 2898 and
1476 2843 1521 2898 the
1532 2861 1611 2914 many
1623 2843 1675 2897 like
1689 2843 1803 2914 changes
1816 2843 1848 2896 of

461 2940 535 3006 (Gir.
553 2938 646 2992 Camb.
669 2937 734 2990 Hib.
750 2938 835 3008 Erip.)
880 2938 963 2991 Wnre
989 2955 1047 3009 says
1073 2936 1131 2991 that
1173 2936 1277 3007 phrase,
1290 2934 1358 2988 ariae
1370 2933 1440 2988 from
1453 2934 1498 2988 the
1516 2934 1667 2988 affectatiou
1686 2933 1718 2987 of
1726 2952 1776 2988 our
1789 2934 1844 2987 An-

459 3030 493 3083 he
512 3047 565 3083 was
578 3028 642 3083 then
658 3027 781 3092 nineteen
795 3045 871 3098 years
886 3028 940 3091 old,
956 3028 1009 3081 sud
1023 3027 1082 3081 that
1093 3027 1127 3080 be
1169 3026 1258 3088 nalist,
1272 3043 1303 3078 or
1310 3025 1356 3078 did
1363 3024 1428 3078 both
1437 3025 1484 3078 the
1494 3024 1630 3078 Annalists
1639 3023 1842 3078 translatefrom

459 3138 513 3173 was
534 3118 662 3190 knighted
678 3117 712 3189 by
730 3116 771 3171 his
791 3116 880 3170 father
901 3127 930 3172 at
953 3117 1128 3172 Wiudsor.-
1171 3115 1218 3170 the
1230 3133 1302 3170 same
1314 3114 1447 3186 original?

465 3211 569 3263 Were's
582 3208 692 3271 Annulo,
710 3211 784 3262 1185.
1206 3207 1217 3238 ⁶
1234 3203 1605 3276 Clodiam-Pembridge
1617 3221 1676 3276 says
1684 3221 1758 3258 more
1766 3203 1841 3276 fully,

494 3299 709 3354 'Patria-For
730 3298 842 3352 Fratris.
883 3297 1043 3370 Pembridge
1059 3315 1128 3369 says,
1174 3295 1368 3350 “Christianus
1383 3294 1567 3349 Lismoriensis
1582 3295 1738 3366 Episcopus.
1758 3312 1840 3365 quon·

459 3396 518 3449 that
529 3394 601 3448 John
609 3391 802 3447 landedflfteeu
810 3407 886 3462 years
895 3388 964 3442 alter
970 3389 1016 3442 the
1023 3389 1130 3460 coming
1173 3387 1234 3442 dam
1249 3386 1367 3457 Legatos
1381 3384 1525 3448 Hibernia,
1544 3385 1683 3438 {emulator
1701 3384 1840 3446 virtutum,

459 3485 491 3538 of
499 3483 696 3555 lita-Stephon.
739 3482 827 3536 Grace
840 3497 930 3534 names
943 3479 1071 3533 thesaure
1083 3496 1130 3531 era
1173 3495 1238 3548 quas
1254 3477 1358 3530 viderat
1372 3484 1399 3530 et
1415 3475 1566 3530 audierata
1584 3482 1676 3528 sancto
1690 3483 1767 3546 patre
1782 3493 1840 3538 suo,

459 3575 529 3628 from
540 3573 635 3627 Meiler
649 3572 824 3643 Fitz-Henry,
834 3568 1046 3640 Fitz-Stepheu's
1056 3585 1128 3621 com·
1175 3567 1322 3630 Bernardo‚
1335 3583 1491 3636 summoque
1505 3565 1644 3627 Pontifice,
1656 3565 1715 3618 viro
1733 3582 1840 3618 venera·

460 3666 533 3728 rade,
547 3665 634 3718 whom
652 3663 686 3717 he
698 3663 762 3718 calls
775 3662 868 3716 John’s
880 3660 999 3722 brother,
1009 3659 1059 3714 but
1067 3659 1127 3712 who
1171 3657 1227 3721 bili,
1237 3657 1368 3730 Eugenio‚
1376 3674 1437 3710 corn
1445 3673 1498 3728 quo
1510 3655 1563 3709 fuit
1574 3655 1601 3708 in
1608 3655 1762 3726 probatorio
1770 3656 1841 3726 apud

458 3775 512 3811 was
530 3756 559 3809 in
577 3756 672 3827 reality
683 3755 730 3810 the
748 3754 882 3826 grandson
900 3751 933 3806 of
949 3752 1043 3823 Henry
1056 3751 1079 3805 1.
1094 3751 1129 3822 by
1175 3748 1359 3810 Clarevallem,
1384 3747 1430 3818 qui
1454 3764 1515 3800 eum
1542 3746 1661 3816 legatum
1688 3745 1715 3798 in
1742 3746 1840 3800 Hiber-

459 3849 499 3902 his
511 3847 677 3918 illegitimate
693 3863 749 3908 eon,
765 3845 858 3916 Henry
873 3842 1047 3913 Fitz-Henry,
1064 3841 1125 3894 who
1171 3839 1222 3894 niae
1245 3837 1390 3900 constituit,
1415 3845 1477 3908 post
1502 3844 1639 3908 peractam
1663 3835 1839 3890 obedientiam

459 3957 512 3992 was
524 3937 540 3991 J
543 3937 617 3991 ohu's
628 3936 715 4008 grand
727 3934 813 3988 uncle.
1166 3928 1361 4000 gpoeuitentiam
1369 3928 1428 3997 ?)in
1438 3927 1601 3981 Monasterio
1609 3926 1641 3979 de
1652 3926 1841 3997 Kyrielcyson”

493 4026 831 4088 bDerurutlte.-Durrow,
857 4023 884 4076 iu
905 4023 999 4096 King's
1020 4022 1126 4094 Couuty
1170 4020 1320 4090 (odor-ney,
1336 4019 1442 4090 Cormty
1456 4015 1841 4090 Kerry)“felieitermigravit

450 4121 521 4174 then
532 4117 658 4172 included
670 4116 697 4170 in
712 4115 813 4176 Meath,
827 4114 882 4168 still
891 4114 918 4168 '111
928 4114 974 4167 the
983 4113 1086 4167 diocese
1098 4111 1131 4166 of
1169 4111 1204 4164 ad
1219 4109 1383 4164 Christum.”

459 4209 560 4265 Meath.
1204 4197 1487 4260 ‘laea-Founded,
1509 4197 1573 4270 July
1592 4202 1614 4260 l,
1638 4197 1836 4270 (Pembridge).

493 4301 503 4325 ⁶
523 4295 850 4366 Ulteriua.-Pembridge
868 4311 928 4366 says
945 4301 974 4347 at
985 4293 1031 4348 the
1044 4293 1125 4348 death
1168 4291 1280 4354 Jocelin,
1293 4289 1353 4344 who
1372 4298 1455 4344 wrote
1474 4289 1520 4343 the
1535 4288 1595 4343 Life
1613 4288 1645 4342 of
1662 4289 1701 4342 St.
1719 4288 1836 4350 Patricio.
