4386 5416
1132 605 1177 674 66

460 781 605 850 ‚Iohanne
619 783 781 860 Staunton,
793 783 916 871 Rogero
927 783 966 848 dc
980 782 1180 849 Santoboseor
1191 808 1262 848 curn
1275 783 1342 848 aliis
1351 783 1548 871 permultis,e
1563 785 1662 850 Scotis
1671 783 1850 850 ceciderunt

461 890 556 954 etiam
577 890 703 976 aliquot.
749 890 820 954 Hoc
838 915 911 954 casu
931 889 1058 954 animati
1079 889 1214 955 Hiberni
1231 891 1370 956 Connaei
1392 905 1424 956 et
1446 890 1541 956 Midii
1561 891 1797 956 insurrexerunt
1816 888 1850 952 in

463 996 594 1083 Anglos‚
604 996 871 1080 incenderuntque
883 1020 984 1060 arcem
994 995 1032 1059 dc
1043 994 1159 1060 Athlor
1168 1011 1200 1060 ct
1209 996 1353 1060 Randon³
1362 1013 1394 1061 et
1405 996 1465 1061 alia
1473 997 1632 1062 nonnulla.
1659 996 1850 1061 Inhoeeon-

463 1102 551 1166 flictu
569 1102 608 1167 de
629 1101 767 1176 Coiners,
792 1102 874 1166 Baro
888 1103 927 1166 de
943 1100 1051 1165 Donul
1065 1116 1188 1166 strenue
1203 1126 1235 1167 se
1250 1102 1352 1190 gessit,
1368 1126 1477 1167 verum
1492 1106 1644 1168 bonasus
1664 1102 1769 1167 omnia
1787 1101 1850 1166 fere

463 1208 574 1284 amisit,
590 1206 690 1294 Angli
706 1207 840 1294 superati
856 1208 895 1272 ad
908 1206 1097 1295 Grcgfcrgus
1112 1207 1327 1296 confugerunt,
1340 1222 1372 1273 et
1386 1232 1493 1273 eorum
1506 1209 1625 1295 aliquot
1635 1207 1764 1296 ingressi
1779 1220 1852 1272 sunt

463 1339 564 1379 arcem
587 1329 620 1379 et
639 1338 707 1379 eam
724 1327 898 1378 tenuerunt.
944 1315 1019 1378 Post
1035 1313 1153 1399 aliquot
1168 1314 1234 1379 dies
1248 1328 1350 1379 nautae
1366 1315 1493 1400 quidam
1512 1315 1612 1404 Angli
1628 1341 1644 1380 e
1661 1314 1852 1402 Onoefcrgus

466 1421 574 1484 Seotos
588 1432 683 1484 noctu
695 1443 736 1484 ex
748 1419 902 1505 insperato
914 1419 1058 1506 aggressi,
1068 1443 1109 1500 40
1122 1444 1228 1484 eorum
1240 1420 1429 1497 oeciderunt,
1442 1439 1642 1506 exuruntque
1653 1420 1767 1496 castris,
1783 1435 1851 1484 tcn-

463 1525 542 1590 toria
553 1539 585 1591 ct
596 1525 695 1589 multa
704 1524 764 1589 elia
775 1526 955 1590 retulerunt.
994 1525 1149 1590 Postridie
1158 1526 1361 1591 exaltacionis
1375 1526 1475 1591 crucis
1491 1527 1653 1615 navigavit
1667 1527 1700 1590 in
1716 1525 1852 1591 Scotiam

464 1657 567 1698 comcs
593 1631 633 1696 (le
660 1631 809 1707 Mortcth,
833 1655 905 1696 eum
928 1631 1086 1696 Gulielmo
1110 1631 1150 1696 de
1170 1633 1276 1719 Burgo
1296 1631 1420 1719 captivo
1438 1646 1470 1697 et
1491 1633 1623 1699 navibus
1645 1656 1675 1713 4.
1691 1631 1853 1696 Hiberniae

464 1738 569 1825 spoliis
581 1737 707 1813 onustis,
718 1752 754 1801 ut
765 1737 867 1823 plures
877 1737 990 1801 milites
1002 1753 1178 1802 accerseret.
1203 1738 1333 1802 Interim
1345 1738 1421 1802 dum
1432 1739 1513 1802 Brus
1526 1738 1712 1826 Cregsergus
1723 1738 1852 1812 obsidet,

464 1843 570 1908 Cathil
585 1844 671 1908 Roth
686 1842 716 1907 Ο
733 1843 838 1907 Conor
852 1842 912 1906 tria
926 1857 1023 1907 castra
1038 1842 1160 1907 comitis
1180 1843 1310 1909 Ultonia
1328 1844 1361 1907 in
1378 1843 1536 1908 Connacia
1550 1843 1656 1921 diruit,
1676 1843 1853 1931 oppidaque

464 1950 619 2037 permulta
632 1951 754 2037 direpta
768 1950 916 2015 incendit.
962 1950 1073 2015 Nautae
1084 1950 1198 2016 iterum
1216 1951 1324 2016 Scotos
1339 1950 1457 2036 aliquot
1471 1951 1700 2017 interfecerunt.
1746 1951 1853 2016 Ricar-

465 2057 522 2121 ‹lus
538 2057 650 2121 Delont
666 2056 704 2121 de
720 2055 856 2121 Oten'oit
871 2081 888 2120 a
903 2055 1038 2140 quodam
1054 2056 1197 2122 Hiberno
1213 2055 1321 2120 Medio
1336 2056 1489 2122 occiditur
1503 2057 1555 2122 die
1569 2057 1591 2123 S
1607 2056 1760 2132 Nicolaui‚
1773 2057 1854 2120 Brus

465 2162 591 2247 reliquit
611 2161 772 2248 Grcgferg
793 2161 833 2225 ad
853 2185 946 2246 quem
966 2161 1050 2247 apud
1069 2161 1238 2227 Dundalclr
1259 2161 1346 2226 venit
1364 2186 1467 2227 comes
1487 2162 1526 2227 de
1542 2162 1661 2226 Marith
1680 2186 1752 2228 eum
1772 2186 1854 2226 novo

465 2268 601 2332 rnilitum
612 2267 748 2355 presidio
761 2291 832 2353 500,
845 2266 1076 2354 transfugerunt
1087 2267 1127 2332 ad
1138 2291 1211 2332 eum
1226 2267 1377 2332 nonnulli.
1420 2267 1498 2334 Inde
1509 2268 1549 2333 ad
1560 2268 1659 2333 Nobn'
1671 2293 1702 2332 sc
1712 2267 1854 2344 contulit,

464 2375 519 2440 ubi
535 2375 649 2439 multos
669 2398 686 2438 e
706 2373 769 2437 suis
784 2373 918 2458 reliquit.
963 2372 1048 2437 Dein
1066 2372 1211 2438 incendio
1227 2388 1348 2438 vastans
1369 2374 1485 2439 Kenles
1500 2374 1534 2438 in
1550 2374 1652 2439 Midia
1665 2388 1698 2438 et
1712 2374 1854 2439 Grenard

465 2497 496 2544 et
512 2481 539 2544 F
541 2479 667 2567 innagh,
684 2493 715 2544 ct
724 2503 841 2543 novum
851 2493 993 2554 castrum,
1006 2479 1117 2543 festum
1129 2479 1261 2544 natalitii
1274 2479 1358 2567 apud
1367 2480 1547 2567 Logsuctleu
1562 2480 1739 2545 celebravit.
1769 2480 1854 2545 Dein

465 2585 579 2673 petivit
594 2585 732 2672 Totmoy
750 2598 783 2649 et
801 2585 1035 2672 Rathymeganv
1050 2599 1082 2649 et
1098 2584 1226 2650 Kildare
1246 2599 1278 2650 et
1299 2585 1457 2673 regionem
1474 2585 1556 2652 eirea
1570 2585 1692 2650 Tristill
1709 2587 1855 2650 Dermott

465 2707 498 2755 et
516 2690 607 2778 Athy
624 2703 656 2754 et
675 2689 796 2755 Ribane
816 2713 879 2754 non
894 2688 959 2755 sine
975 2690 1088 2754 damno
1104 2704 1208 2756 tamen
1227 2715 1362 2766 suorum,
1382 2705 1489 2778 postea
1509 2691 1635 2756 accessit
1650 2692 1690 2756 ad
1706 2691 1855 2757 Skethir'

468 2798 551 2862 intra
574 2795 699 2860 Arseoll
719 2796 752 2859 in
777 2795 925 2883 Legenia,
950 2795 1005 2860 ubi
1031 2821 1095 2861 sese
1118 2797 1253 2862 offerunt
1272 2821 1344 2862 curn
1369 2797 1511 2862 exercitu
1534 2797 1721 2862 Edmundus
1745 2797 1855 2862 Butler

465 2901 673 2978 ‚lusticiarius
682 2901 843 2966 Jobannes
853 2901 906 2964 fitz
920 2901 1050 2965 Thomae
1060 2915 1092 2966 ct
1102 2902 1261 2967 Arnaldus
1277 2903 1396 2979 Power,
1413 2901 1527 2988 aliique
1539 2916 1699 2990 magnates
1714 2903 1855 2990 Laginiae

467 3023 499 3075 et
514 3007 683 3073 Mamoniae
698 3007 836 3092 quicum
851 3005 935 3072 facili
950 3006 1001 3072 vel
1020 3007 1136 3095 singuli
1156 3032 1229 3073 curn
1248 3008 1397 3096 repellere
1415 3008 1596 3095 potuissent,
1617 3023 1684 3072 orto
1703 3008 1785 3073 inter
1803 3033 1855 3074 eos

468 3113 596 3179 dissidio
612 3136 718 3178 omnes
737 3128 936 3187 recesserunt,
956 3112 1119 3178 interfecto
1134 3113 1167 3177 in
1182 3114 1331 3179 conflictu
1346 3114 1517 3178 Hamundo
1533 3114 1633 3180 Graec
1649 3127 1680 3179 et
1696 3114 1856 3181 Gulielmo

468 3221 684 3308 Pendregast¹.
716 3218 745 3283 E
765 3218 866 3284 Scotis
881 3219 1060 3284 ecciderunt
1072 3219 1191 3308 Fergus
1201 3220 1402 3297 Andressian,
1420 3221 1578 3286 Walterus
1588 3221 1626 3285 de
1636 3221 1771 3310 Mourey
1783 3246 1855 3287 cum

1788 3327 1857 3392 aliis

467 3493 556 3555 batur,
575 3491 647 3564 eapti
660 3494 773 3554 essent,”
783 3493 860 3546 when
874 3492 920 3546 the
938 3493 1005 3547 Earl
1018 3493 1142 3548 deelared
1187 3495 1296 3559 Richer,
1316 3495 1451 3551 constable
1464 3494 1495 3548 of
1503 3495 1549 3549 the
1561 3495 1643 3548 cattle
1661 3495 1694 3549 os
1710 3495 1856 3558 Rsndown,

469 3584 529 3638 thet
546 3584 580 3637 he
594 3582 682 3637 wotrld
695 3583 774 3655 bring
793 3584 882 3637 Bruee
901 3584 969 3637 dead
985 3602 1016 3638 or
1033 3585 1101 3638 alive
1114 3594 1142 3638 to
1185 3586 1237 3640 had
1255 3605 1289 3639 an
1307 3587 1387 3641 order
1407 3586 1449 3640 for
1462 3589 1521 3640 tto
1539 3585 1582 3638 sor
1595 3586 1641 3639 the
1658 3586 1747 3657 repair-
1768 3586 1800 3639 of
1812 3587 1858 3640 the

472 3674 585 3736 Dubltn,
599 3673 668 3744 “qui
680 3691 768 3726 eomes
781 3691 825 3726 eos
838 3674 997 3744 sequebatur
1010 3692 1093 3745 usque
1107 3676 1143 3728 ad
1185 3677 1275 3740 castle,
1289 3678 1370 3732 dated
1379 3679 1427 3736 tth
1438 3678 1602 3750 September,
1619 3678 1799 3732 ters-Rot.
1815 3677 1856 3732 cl.

470 3783 566 3836 aquam
576 3765 608 3818 de
620 3765 735 3826 Brenno,
749 3773 776 3818 ct
787 3773 880 3834 postea
892 3764 979 3818 dictus
991 3765 1086 3818 Comes
1099 3784 1140 3819 re·
1186 3769 1217 3818 10
1232 3765 1283 3819 Ed.
1301 3766 1337 3818 ll.
1357 3769 1395 3819 14.

469 3855 553 3910 traxit
565 3872 593 3907 se
605 3871 697 3907 versus
708 3854 833 3924 Coyners,
843 3855 914 3925 quod
927 3855 1073 3926 percipiens
1086 3855 1140 3909 dic·
1221 3857 1228 3886 ¹
1243 3857 1375 3910 Ricardas
1384 3856 1654 3927 Delam-Probably
1667 3857 1740 3911 dela
1754 3857 1856 3919 Laude,

469 3955 513 4000 tus
523 3944 786 3999 Bruscautedietam
793 3963 889 4016 aquam
898 3947 1141 4009 transivit—et
1184 3947 1216 4000 os
1228 3947 1340 4009 Ofervil,
1359 3965 1390 4000 or
1406 3947 1541 4000 O'Farel's
1554 3959 1674 4018 country,
1694 3967 1753 4001 now
1770 3948 1857 4017 Long-

472 4055 561 4092 comes
573 4036 708 4090 confectus
721 4045 761 4090 est
768 4036 849 4106 juxta
864 4037 1010 4106 Coyners.”
1186 4037 1255 4091 ford.
1284 4037 1326 4090 He
1339 4037 1361 4090 is
1371 4035 1456 4090 called
1465 4036 1597 4091 Ricardus
1606 4038 1639 4091 de
1654 4038 1754 4092 Laude
1767 4037 1858 4091 Oseri-

507 4131 516 4154 ⁸
530 4131 575 4183 De
589 4128 930 4200 Santonon-Probably
945 4128 1103 4199 Holywood‚
1115 4126 1147 4180 os
1187 4128 1232 4181 vill
1244 4128 1279 4199 by
1293 4128 1462 4199 Pembridge.

471 4220 517 4273 the
534 4220 640 4289 County
651 4218 761 4271 Dublln.
1223 4216 1592 4288 ”Loguteda-Loghseudy
1607 4234 1638 4269 or
1654 4216 1822 4289 Loghsendy,
1832 4218 1859 4271 in

510 4308 845 4362 'Roudon-Randown
865 4327 896 4362 or
915 4309 1060 4372 Rinnduin,
1084 4326 1144 4362 now
1186 4309 1233 4362 the
1244 4309 1346 4380 barony
1357 4307 1389 4362 of
1399 4308 1593 4370 Rathconrnth,
1611 4307 1787 4362 Westmeath.
1815 4309 1858 4363 On

475 4404 516 4457 St.
541 4400 633 4454 Jobn's
658 4400 686 4453 in
713 4400 900 4454 Roseommon.
941 4399 1060 4454 Richard
1085 4400 1143 4454 Fiu
1187 4399 1239 4452 this
1257 4398 1408 4470 expedition
1428 4399 1516 4452 Bruee
1535 4415 1618 4452 seems
1632 4407 1659 4452 to
1672 4398 1738 4450 heve
1756 4399 1858 4452 skirted
